3408 5664
645 943 703 1010 151

205 1112 324 1208 pinsere
348 1118 403 1182 alin
427 1112 529 1184 omnia
551 1118 759 1204 intelligebat,
785 1133 887 1184 tamen
903 1168 911 1198 ‚
927 1113 1014 1206 quod
1031 1099 1140 1194 voluit,

201 1239 306 1302 statim
343 1261 407 1302 non
440 1254 594 1304 assecutus
625 1253 679 1304 est.
737 1239 914 1324 Surgebant
947 1236 1051 1316 eninr,
1088 1235 1141 1320 qui

203 1355 401 1422 avertendam
430 1357 501 1422 belli
525 1359 609 1440 um,
633 1383 698 1424 nou
729 1356 925 1424 inferendam
952 1355 1033 1423 hosti
1062 1375 1139 1416 oen-

201 1493 323 1558 serent,
348 1501 412 1542 non
430 1494 573 1568 oportere
592 1476 747 1560 dicentes,
771 1493 807 1541 ut
822 1475 1045 1567 expergefieret
1061 1469 1138 1536 ‹lor-

194 1596 303 1660 'miens
325 1596 425 1662 oaniss
451 1617 594 1662 concesso
614 1598 654 1662 ab
680 1596 767 1662 hoste
789 1597 852 1662 otio
876 1594 919 1659 nil
938 1617 1026 1686 posse
1047 1583 1140 1683 opta·

203 1715 263 1778 tius
288 1712 448 1780 iiiederatis
470 1735 555 1798 esse,
588 1731 624 1779 ut
645 1730 879 1780 exstruereutur
901 1709 1039 1789 castella,
1062 1707 1142 1772 reii-

201 1849 350 1898 cereutur
374 1857 582 1922 quaecunque
604 1833 723 1898 bellum
749 1834 946 1922 corrupisset.
991 1817 1142 1893 Pruden-

203 1953 295 2017 tiores
328 1949 458 2041 quidem
486 1953 544 2016 viri
576 1949 833 2017 demonstrabant
860 1951 1024 2027 universe,
1047 1949 1143 2035 inep-

204 2088 276 2138 tum
308 2095 371 2136 esse
402 2073 464 2138 otio
489 2072 522 2134 iu
547 2073 653 2137 eastris
673 2071 834 2153 diffluere,
871 2068 950 2134 dum
972 2067 1034 2131 aliis
1059 2065 1143 2130 hellis

205 2191 307 2258 hostes
336 2189 584 2270 distinerentur,
626 2205 657 2254 et
688 2195 868 2280 exspectare
892 2184 1017 2277 quoad,
1053 2186 1144 2248 rebus

204 2313 287 2378 bene
307 2291 419 2395 gestis,
452 2335 524 2376 eum
555 2311 672 2376 victore
705 2308 843 2376 exercitu
866 2325 896 2372 et
919 2305 1020 2398 dupio
1041 2299 1142 2391 m'ajo-

204 2421 293 2496 ribus
304 2431 422 2496 viribus
439 2430 542 2495 omnia
564 2428 692 2494 ilammu
713 2428 860 2519 ferroque
882 2425 1072 2493 devastatum
1096 2425 1143 2487 ir-

203 2565 412 2641 rumperent:
446 2547 617 2616 foederatos
641 2573 715 2615 vem
745 2545 878 2640 perinde
909 2545 1031 2628 faeere,
1053 2569 1089 2608 ac
1119 2543 1145 2606 si

205 2671 277 2760 quis
293 2669 327 2734 iu
345 2667 490 2754 singulari
509 2670 676 2733 certamine
700 2666 863 2734 adversarii
875 2667 1033 2755 'impetum
1051 2685 1142 2726 aver·

206 2808 272 2856 tere
293 2786 453 2871 studeret,
476 2786 588 2852 ferenti
617 2788 771 2877 impetum
793 2783 940 2868 cederet,¹
959 2782 1143 2847 facientem-

205 2931 270 2998 que
291 2909 338 2972 sui
368 2923 552 2998 potestatem
572 2905 697 2992 aggredi
725 2921 893 2972 vereretur.
939 2903 1050 2989 Neque
1069 2899 1145 2964 haec

203 3026 249 3092 illi
280 3027 333 3091 abs
364 3049 398 3091 re
435 3024 606 3092 dicebant:
655 3024 838 3091 Guilielmns
879 3026 953 3088 vero
982 3027 1021 3086 et'
1044 3019 1155 3085 multo¹

204 3161 279 3210 ante
304 3146 345 3209 ita
368 3169 457 3236 saepe
484 3144 606 3210 locutus
640 3144 762 3226 iuerat,
799 3166 901 3232 neque
930 3139 964 3205 id
990 3143 1024 3204 in
1048 3153 1140 3230 pane-

199 3265 302 3329 sentia
324 3265 416 3326 suasit
435 3261 552 3344 modo,
575 3287 684 3328 verum
702 3266 814 3345 etiam,
825 3287 886 3350 qua
905 3273 1007 3353 posset
1025 3261 1142 3348 optima

203 3383 324 3448 ratione
344 3383 445 3461 effici,
469 3379 629 3448 indicavit.

250 3501 385 3570 Solerter
409 3501 619 3593 perpenderat
649 3503 797 3580 rationes,
821 3501 936 3591 quibus
958 3497 1055 3563 fretus
1074 3521 1141 3562 rem

199 3620 438 3690 commendaret
459 3619 655 3704 Ordinibus,
679 3645 758 3710 quae
774 3635 809 3684 nt
821 3620 965 3683 inusitata
982 3617 1039 3682 iliis
1058 3634 1138 3682 tem-

203 3743 335 3834 poribus
355 3756 442 3823 erat,
464 3742 505 3805 ita
527 3740 690 3832 plerosque
714 3763 779 3803 non
810 3721 968 3804 deffendere
990 3759 1054 3803 non
1076 3761 1139 3828 po-

201 3877 294 3926 terat.
350 3861 426 3949 Quo
451 3861 541 3926 nobis
564 3857 774 3924 admirabilior
796 3859 911 3944 ingenii
943 3858 987 3924 vis
1013 3859 1080 3943 ejus
1110 3873 1141 3921 et

202 3978 334 4046 dicendi
357 3979 479 4044 libertas
512 4003 574 4044 esse
605 3977 709 4045 debet.
775 3977 898 4068 Quodsi
942 3981 1139 4068 quaerimus,

205 4101 277 4188 quis
299 4123 405 4164 rerum
431 4114 557 4164 eventus
592 4097 705 4180 fuerit,
728 4115 893 4190 postquam
922 4093 1088 4180 discessum
1107 4098 1140 4159 in

198 4222 269 4304 ejus
302 4220 485 4284 seutentiam
508 4218 656 4308 proximis
688 4188 865 4300 annis‘est,
889 4217 1044 4304 superavit
1068 4240 1139 4280 otn-
