<?xml version="1.0" encoding="UTF-8"?>
<!DOCTYPE html PUBLIC "-//W3C//DTD XHTML 1.0 Transitional//EN"
    "http://www.w3.org/TR/xhtml1/DTD/xhtml1-transitional.dtd">
<html xmlns="http://www.w3.org/1999/xhtml" xml:lang="en" lang="en">
 <head>
  <title>
</title>
<meta http-equiv="Content-Type" content="text/html;charset=utf-8" />
  <meta name='ocr-system' content='tesseract 3.04.00' />
  <meta name='ocr-capabilities' content='ocr_page ocr_carea ocr_par ocr_line ocrx_word'/>
</head>
<body>
  <div class='ocr_page' id='page_1' title='image "./diatribeinguili00heusgoog_0218.png"; bbox 0 0 3456 5676; ppageno 0'>
   <div class='ocr_carea' id='block_1_1' title="bbox 1043 929 1103 996">
    <p class='ocr_par' dir='ltr' id='par_1_1' title="bbox 1043 929 1103 996">
     <span class='ocr_line' id='line_1_1' title="bbox 1043 929 1103 996; baseline -0.033 0"><span class='ocrx_word' id='word_1_1' title='bbox 1043 929 1103 996; x_wconf 76' lang='lat'><strong>193</strong></span> 
     </span>
    </p>
   </div>
   <div class='ocr_carea' id='block_1_2' title="bbox 598 1101 1605 3937">
    <p class='ocr_par' dir='ltr' id='par_1_2' title="bbox 598 1101 1605 3937">
     <span class='ocr_line' id='line_1_2' title="bbox 599 1101 1547 1193; baseline -0.001 -23"><span class='ocrx_word' id='word_1_2' title='bbox 599 1105 745 1172; x_wconf 86' lang='lat' dir='ltr'><strong>omnibus</strong></span> <span class='ocrx_word' id='word_1_3' title='bbox 767 1103 894 1172; x_wconf 70' lang='lat' dir='ltr'><strong>faceret,</strong></span> <span class='ocrx_word' id='word_1_4' title='bbox 968 1105 1144 1170; x_wconf 83' lang='lat' dir='ltr'><strong>Damnabat</strong></span> <span class='ocrx_word' id='word_1_5' title='bbox 1165 1105 1279 1190; x_wconf 82' lang='lat' dir='ltr'><strong>igitur,</strong></span> <span class='ocrx_word' id='word_1_6' title='bbox 1317 1127 1396 1193; x_wconf 88' lang='lat' dir='ltr'><strong>quae</strong></span> <span class='ocrx_word' id='word_1_7' title='bbox 1418 1101 1478 1168; x_wconf 88' lang='lat' dir='ltr'><strong>sibi</strong></span> <span class='ocrx_word' id='word_1_8' title='bbox 1500 1101 1547 1169; x_wconf 89' lang='lat' dir='ltr'><strong>iili</strong></span> 
     </span>
     <span class='ocr_line' id='line_1_3' title="bbox 598 1221 1545 1316; baseline 0.003 -28"><span class='ocrx_word' id='word_1_9' title='bbox 598 1221 639 1289; x_wconf 89' lang='lat' dir='ltr'><strong>de</strong></span> <span class='ocrx_word' id='word_1_10' title='bbox 664 1224 827 1311; x_wconf 85' lang='lat' dir='ltr'><strong>Groninga</strong></span> <span class='ocrx_word' id='word_1_11' title='bbox 846 1224 1006 1316; x_wconf 87' lang='lat' dir='ltr'><strong>proposita</strong></span> <span class='ocrx_word' id='word_1_12' title='bbox 1013 1221 1202 1310; x_wconf 67' lang='lat' dir='ltr'><strong>⁴habehant,</strong></span> <span class='ocrx_word' id='word_1_13' title='bbox 1230 1221 1469 1307; x_wconf 78' lang='lat' dir='ltr'><strong>demonstrans,</strong></span> <span class='ocrx_word' id='word_1_14' title='bbox 1496 1226 1545 1291; x_wconf 93' lang='lat' dir='ltr'><strong>ci-</strong></span> 
     </span>
     <span class='ocr_line' id='line_1_4' title="bbox 598 1341 1549 1434; baseline 0.001 -25"><span class='ocrx_word' id='word_1_15' title='bbox 598 1345 726 1409; x_wconf 73' lang='lat' dir='ltr'><strong>vitatem</strong></span> <span class='ocrx_word' id='word_1_16' title='bbox 749 1367 817 1410; x_wconf 87' lang='lat' dir='ltr'><strong>eam</strong></span> <span class='ocrx_word' id='word_1_17' title='bbox 841 1341 989 1408; x_wconf 85' lang='lat' dir='ltr'><strong>diuturna</strong></span> <span class='ocrx_word' id='word_1_18' title='bbox 1013 1343 1176 1409; x_wconf 84' lang='lat' dir='ltr'><strong>liberatam</strong></span> <span class='ocrx_word' id='word_1_19' title='bbox 1196 1345 1364 1424; x_wconf 81' lang='lat' dir='ltr'><strong>servitute,</strong></span> <span class='ocrx_word' id='word_1_20' title='bbox 1386 1360 1481 1434; x_wconf 85' lang='lat' dir='ltr'><strong>atque</strong></span> <span class='ocrx_word' id='word_1_21' title='bbox 1509 1369 1549 1410; x_wconf 79' lang='lat' dir='ltr'><strong>ex</strong></span> 
     </span>
     <span class='ocr_line' id='line_1_5' title="bbox 598 1463 1551 1555; baseline -0.001 -26"><span class='ocrx_word' id='word_1_22' title='bbox 598 1463 740 1530; x_wconf 86' lang='lat' dir='ltr'><strong>saucibus</strong></span> <span class='ocrx_word' id='word_1_23' title='bbox 769 1463 842 1529; x_wconf 85' lang='lat' dir='ltr'><strong>belii</strong></span> <span class='ocrx_word' id='word_1_24' title='bbox 864 1479 1029 1554; x_wconf 81' lang='lat' dir='ltr'><strong>ereptam,</strong></span> <span class='ocrx_word' id='word_1_25' title='bbox 1052 1463 1099 1528; x_wconf 91' lang='lat' dir='ltr'><strong>sui</strong></span> <span class='ocrx_word' id='word_1_26' title='bbox 1123 1485 1185 1528; x_wconf 89' lang='lat' dir='ltr'><strong>esse</strong></span> <span class='ocrx_word' id='word_1_27' title='bbox 1210 1465 1244 1527; x_wconf 88' lang='lat' dir='ltr'><strong>in</strong></span> <span class='ocrx_word' id='word_1_28' title='bbox 1263 1479 1425 1555; x_wconf 87' lang='lat' dir='ltr'><strong>posterum</strong></span> <span class='ocrx_word' id='word_1_29' title='bbox 1444 1464 1551 1551; x_wconf 89' lang='lat' dir='ltr'><strong>juris,</strong></span> 
     </span>
     <span class='ocr_line' id='line_1_6' title="bbox 599 1577 1545 1650; baseline -0.004 -2"><span class='ocrx_word' id='word_1_30' title='bbox 599 1601 631 1648; x_wconf 90' lang='lat' dir='ltr'><strong>et</strong></span> <span class='ocrx_word' id='word_1_31' title='bbox 655 1583 796 1648; x_wconf 90' lang='lat' dir='ltr'><strong>similiter</strong></span> <span class='ocrx_word' id='word_1_32' title='bbox 817 1608 853 1649; x_wconf 91' lang='lat' dir='ltr'><strong>ac</strong></span> <span class='ocrx_word' id='word_1_33' title='bbox 876 1582 1014 1650; x_wconf 86' lang='lat' dir='ltr'><strong>Gclriam</strong></span> <span class='ocrx_word' id='word_1_34' title='bbox 1026 1597 1057 1646; x_wconf 86' lang='lat' dir='ltr'><strong>et</strong></span> <span class='ocrx_word' id='word_1_35' title='bbox 1069 1579 1318 1646; x_wconf 84' lang='lat' dir='ltr'><strong>Transisalanam</strong></span> <span class='ocrx_word' id='word_1_36' title='bbox 1338 1578 1485 1647; x_wconf 85' lang='lat' dir='ltr'><strong>accedere</strong></span> <span class='ocrx_word' id='word_1_37' title='bbox 1505 1577 1545 1644; x_wconf 87' lang='lat' dir='ltr'><strong>ad</strong></span> 
     </span>
     <span class='ocr_line' id='line_1_7' title="bbox 600 1698 1544 1789; baseline -0.003 -22"><span class='ocrx_word' id='word_1_38' title='bbox 600 1699 762 1767; x_wconf 89' lang='lat' dir='ltr'><strong>Ordinum</strong></span> <span class='ocrx_word' id='word_1_39' title='bbox 782 1698 1012 1768; x_wconf 84' lang='lat' dir='ltr'><strong>foederatorum</strong></span> <span class='ocrx_word' id='word_1_40' title='bbox 1028 1699 1189 1786; x_wconf 82' lang='lat' dir='ltr'>collegium</span> <span class='ocrx_word' id='word_1_41' title='bbox 1204 1717 1360 1789; x_wconf 79' lang='lat' dir='ltr'><strong>oportere.</strong></span> <span class='ocrx_word' id='word_1_42' title='bbox 1403 1699 1453 1765; x_wconf 92' lang='lat' dir='ltr'><strong>Illi</strong></span> <span class='ocrx_word' id='word_1_43' title='bbox 1472 1700 1544 1765; x_wconf 83' lang='lat' dir='ltr'><strong>Fri-</strong></span> 
     </span>
     <span class='ocr_line' id='line_1_8' title="bbox 601 1814 1549 1909; baseline 0.001 -28"><span class='ocrx_word' id='word_1_44' title='bbox 601 1817 659 1882; x_wconf 83' lang='lat' dir='ltr'><strong>siae</strong></span> <span class='ocrx_word' id='word_1_45' title='bbox 684 1816 856 1884; x_wconf 84' lang='lat' dir='ltr'><strong>commodis</strong></span> <span class='ocrx_word' id='word_1_46' title='bbox 884 1818 1066 1909; x_wconf 81' lang='lat' dir='ltr'><strong>prospicere</strong></span> <span class='ocrx_word' id='word_1_47' title='bbox 1097 1833 1128 1882; x_wconf 89' lang='lat' dir='ltr'><strong>et</strong></span> <span class='ocrx_word' id='word_1_48' title='bbox 1157 1814 1319 1908; x_wconf 84' lang='lat' dir='ltr'><strong>splendori</strong></span> <span class='ocrx_word' id='word_1_49' title='bbox 1349 1817 1418 1882; x_wconf 87' lang='lat' dir='ltr'><strong>satis</strong></span> <span class='ocrx_word' id='word_1_50' title='bbox 1443 1817 1549 1883; x_wconf 84' lang='lat' dir='ltr'><strong>habe·</strong></span> 
     </span>
     <span class='ocr_line' id='line_1_9' title="bbox 601 1934 1605 2032; baseline 0.001 -31"><span class='ocrx_word' id='word_1_51' title='bbox 601 1939 699 2021; x_wconf 90' lang='lat' dir='ltr'><strong>bant,</strong></span> <span class='ocrx_word' id='word_1_52' title='bbox 722 1937 832 2004; x_wconf 90' lang='lat' dir='ltr'><strong>velutsi</strong></span> <span class='ocrx_word' id='word_1_53' title='bbox 847 1939 1029 2004; x_wconf 85' lang='lat' dir='ltr'><strong>Provinciae</strong></span> <span class='ocrx_word' id='word_1_54' title='bbox 1050 1935 1169 2002; x_wconf 85' lang='lat' dir='ltr'><strong>finibus</strong></span> <span class='ocrx_word' id='word_1_55' title='bbox 1191 1939 1307 2027; x_wconf 85' lang='lat' dir='ltr'><strong>patriae</strong></span> <span class='ocrx_word' id='word_1_56' title='bbox 1326 1936 1403 2002; x_wconf 89' lang='lat' dir='ltr'><strong>salus</strong></span> <span class='ocrx_word' id='word_1_57' title='bbox 1416 1962 1451 2003; x_wconf 91' lang='lat' dir='ltr'><strong>ac</strong></span> <span class='ocrx_word' id='word_1_58' title='bbox 1472 1934 1544 2002; x_wconf 82' lang='lat' dir='ltr'><strong>soe·</strong></span> <span class='ocrx_word' id='word_1_59' title='bbox 1604 2025 1605 2032; x_wconf 8' lang='grc' dir='ltr'>ἵ</span> 
     </span>
     <span class='ocr_line' id='line_1_10' title="bbox 601 2054 1546 2145; baseline 0.001 -25"><span class='ocrx_word' id='word_1_60' title='bbox 601 2054 782 2123; x_wconf 88' lang='lat' dir='ltr'><strong>deratorum</strong></span> <span class='ocrx_word' id='word_1_61' title='bbox 806 2081 923 2124; x_wconf 89' lang='lat' dir='ltr'><strong>nomen</strong></span> <span class='ocrx_word' id='word_1_62' title='bbox 946 2057 1273 2140; x_wconf 80' lang='lat' dir='ltr'><strong>circumscriberetur,</strong></span> <span class='ocrx_word' id='word_1_63' title='bbox 1296 2081 1355 2124; x_wconf 88' lang='lat' dir='ltr'><strong>nec</strong></span> <span class='ocrx_word' id='word_1_64' title='bbox 1373 2055 1463 2122; x_wconf 88' lang='lat' dir='ltr'><strong>latius</strong></span> <span class='ocrx_word' id='word_1_65' title='bbox 1484 2081 1546 2145; x_wconf 88' lang='lat' dir='ltr'><strong>pa-</strong></span> 
     </span>
     <span class='ocr_line' id='line_1_11' title="bbox 602 2172 1545 2267; baseline -0.001 -25"><span class='ocrx_word' id='word_1_66' title='bbox 602 2190 680 2242; x_wconf 88' lang='lat' dir='ltr'><strong>teret</strong></span> <span class='ocrx_word' id='word_1_67' title='bbox 704 2200 782 2242; x_wconf 90' lang='lat' dir='ltr'><strong>neve</strong></span> <span class='ocrx_word' id='word_1_68' title='bbox 805 2193 881 2242; x_wconf 88' lang='lat' dir='ltr'><strong>essct</strong></span> <span class='ocrx_word' id='word_1_69' title='bbox 907 2175 1046 2267; x_wconf 90' lang='lat' dir='ltr'><strong>corporis</strong></span> <span class='ocrx_word' id='word_1_70' title='bbox 1070 2175 1283 2258; x_wconf 88' lang='lat' dir='ltr'><strong>simillimum,</strong></span> <span class='ocrx_word' id='word_1_71' title='bbox 1306 2173 1394 2267; x_wconf 88' lang='lat' dir='ltr'><strong>quod</strong></span> <span class='ocrx_word' id='word_1_72' title='bbox 1411 2172 1545 2241; x_wconf 90' lang='lat' dir='ltr'><strong>distrac-</strong></span> 
     </span>
     <span class='ocr_line' id='line_1_12' title="bbox 602 2295 1546 2390; baseline 0 -29"><span class='ocrx_word' id='word_1_73' title='bbox 602 2299 641 2361; x_wconf 92' lang='lat' dir='ltr'><strong>tis</strong></span> <span class='ocrx_word' id='word_1_74' title='bbox 656 2298 804 2365; x_wconf 86' lang='lat' dir='ltr'><strong>membris</strong></span> <span class='ocrx_word' id='word_1_75' title='bbox 822 2299 929 2390; x_wconf 90' lang='lat' dir='ltr'><strong>ipsum</strong></span> <span class='ocrx_word' id='word_1_76' title='bbox 946 2298 1048 2383; x_wconf 83' lang='lat' dir='ltr'><strong>vigere</strong></span> <span class='ocrx_word' id='word_1_77' title='bbox 1068 2320 1134 2362; x_wconf 91' lang='lat' dir='ltr'><strong>non</strong></span> <span class='ocrx_word' id='word_1_78' title='bbox 1153 2295 1283 2387; x_wconf 90' lang='lat' dir='ltr'><strong>amplius</strong></span> <span class='ocrx_word' id='word_1_79' title='bbox 1302 2311 1415 2385; x_wconf 77' lang='lat' dir='ltr'><strong>posset.</strong></span> <span class='ocrx_word' id='word_1_80' title='bbox 1460 2295 1546 2362; x_wconf 86' lang='lat' dir='ltr'>Gui-</span> 
     </span>
     <span class='ocr_line' id='line_1_13' title="bbox 601 2412 1547 2508; baseline -0.001 -27"><span class='ocrx_word' id='word_1_81' title='bbox 601 2415 721 2482; x_wconf 91' lang='lat' dir='ltr'><strong>lielmus</strong></span> <span class='ocrx_word' id='word_1_82' title='bbox 743 2419 908 2482; x_wconf 85' lang='lat' dir='ltr'><strong>sustentari</strong></span> <span class='ocrx_word' id='word_1_83' title='bbox 928 2417 1064 2508; x_wconf 89' lang='lat' dir='ltr'><strong>patriam</strong></span> <span class='ocrx_word' id='word_1_84' title='bbox 1083 2441 1119 2482; x_wconf 90' lang='lat' dir='ltr'><strong>ac</strong></span> <span class='ocrx_word' id='word_1_85' title='bbox 1140 2413 1295 2482; x_wconf 86' lang='lat' dir='ltr'><strong>sublevari</strong></span> <span class='ocrx_word' id='word_1_86' title='bbox 1308 2413 1476 2480; x_wconf 69' lang='lat' dir='ltr'><strong>⁴cornrnrrni</strong></span> <span class='ocrx_word' id='word_1_87' title='bbox 1496 2412 1547 2480; x_wconf 92' lang='lat' dir='ltr'><strong>ci-</strong></span> 
     </span>
     <span class='ocr_line' id='line_1_14' title="bbox 602 2535 1548 2628; baseline 0.001 -29"><span class='ocrx_word' id='word_1_88' title='bbox 602 2535 690 2600; x_wconf 83' lang='lat' dir='ltr'><strong>vium</strong></span> <span class='ocrx_word' id='word_1_89' title='bbox 725 2535 838 2602; x_wconf 85' lang='lat' dir='ltr'><strong>auxilio</strong></span> <span class='ocrx_word' id='word_1_90' title='bbox 868 2551 1015 2626; x_wconf 80' lang='lat' dir='ltr'><strong>oportere</strong></span> <span class='ocrx_word' id='word_1_91' title='bbox 1044 2535 1255 2619; x_wconf 83' lang='lat' dir='ltr'><strong>existimabat,</strong></span> <span class='ocrx_word' id='word_1_92' title='bbox 1280 2535 1331 2602; x_wconf 90' lang='lat' dir='ltr'><strong>cui</strong></span> <span class='ocrx_word' id='word_1_93' title='bbox 1352 2557 1453 2628; x_wconf 85' lang='lat' dir='ltr'><strong>quum</strong></span> <span class='ocrx_word' id='word_1_94' title='bbox 1474 2557 1548 2600; x_wconf 69' lang='lat' dir='ltr'><strong>om·-</strong></span> 
     </span>
     <span class='ocr_line' id='line_1_15' title="bbox 603 2651 1547 2746; baseline 0 -26"><span class='ocrx_word' id='word_1_95' title='bbox 603 2658 654 2720; x_wconf 86' lang='lat' dir='ltr'><strong>nia</strong></span> <span class='ocrx_word' id='word_1_96' title='bbox 674 2680 728 2721; x_wconf 88' lang='lat' dir='ltr'><strong>sua</strong></span> <span class='ocrx_word' id='word_1_97' title='bbox 749 2655 922 2739; x_wconf 88' lang='lat' dir='ltr'><strong>deberent,</strong></span> <span class='ocrx_word' id='word_1_98' title='bbox 947 2679 1026 2745; x_wconf 86' lang='lat' dir='ltr'><strong>quae</strong></span> <span class='ocrx_word' id='word_1_99' title='bbox 1053 2657 1120 2721; x_wconf 87' lang='lat' dir='ltr'><strong>sine</strong></span> <span class='ocrx_word' id='word_1_100' title='bbox 1138 2679 1173 2720; x_wconf 88' lang='lat' dir='ltr'><strong>ea</strong></span> <span class='ocrx_word' id='word_1_101' title='bbox 1199 2655 1409 2736; x_wconf 82' lang='lat' dir='ltr'><strong>interiissent,</strong></span> <span class='ocrx_word' id='word_1_102' title='bbox 1427 2651 1547 2746; x_wconf 89' lang='lat' dir='ltr'><strong>implo-</strong></span> 
     </span>
     <span class='ocr_line' id='line_1_16' title="bbox 602 2769 1547 2858; baseline -0.003 -20"><span class='ocrx_word' id='word_1_103' title='bbox 602 2775 687 2838; x_wconf 90' lang='lat' dir='ltr'><strong>ranti</strong></span> <span class='ocrx_word' id='word_1_104' title='bbox 710 2773 860 2839; x_wconf 84' lang='lat' dir='ltr'><strong>auxilium</strong></span> <span class='ocrx_word' id='word_1_105' title='bbox 885 2771 991 2838; x_wconf 74' lang='lat' dir='ltr'><strong>deesse</strong></span> <span class='ocrx_word' id='word_1_106' title='bbox 1019 2797 1084 2839; x_wconf 88' lang='lat' dir='ltr'><strong>non</strong></span> <span class='ocrx_word' id='word_1_107' title='bbox 1112 2771 1229 2839; x_wconf 85' lang='lat' dir='ltr'><strong>liceret.</strong></span> <span class='ocrx_word' id='word_1_108' title='bbox 1294 2771 1343 2838; x_wconf 91' lang='lat' dir='ltr'><strong>Illi</strong></span> <span class='ocrx_word' id='word_1_109' title='bbox 1375 2769 1447 2837; x_wconf 84' lang='lat' dir='ltr'><strong>belli</strong></span> <span class='ocrx_word' id='word_1_110' title='bbox 1471 2771 1547 2858; x_wconf 80' lang='lat' dir='ltr'><strong>jas,</strong></span> 
     </span>
     <span class='ocr_line' id='line_1_17' title="bbox 602 2887 1547 2984; baseline -0.006 -23"><span class='ocrx_word' id='word_1_111' title='bbox 602 2892 760 2984; x_wconf 84' lang='lat' dir='ltr'><strong>saetasque</strong></span> <span class='ocrx_word' id='word_1_112' title='bbox 784 2895 938 2984; x_wconf 88' lang='lat' dir='ltr'><strong>impensas</strong></span> <span class='ocrx_word' id='word_1_113' title='bbox 962 2916 1092 2978; x_wconf 82' lang='lat' dir='ltr'><strong>urgere:</strong></span> <span class='ocrx_word' id='word_1_114' title='bbox 1124 2891 1310 2960; x_wconf 86' lang='lat' dir='ltr'><strong>Guiiielrnus</strong></span> <span class='ocrx_word' id='word_1_115' title='bbox 1340 2887 1422 2956; x_wconf 88' lang='lat' dir='ltr'><strong>nihil</strong></span> <span class='ocrx_word' id='word_1_116' title='bbox 1451 2887 1547 2973; x_wconf 86' lang='lat' dir='ltr'><strong>utile,</strong></span> 
     </span>
     <span class='ocr_line' id='line_1_18' title="bbox 603 3009 1545 3104; baseline -0.004 -26"><span class='ocrx_word' id='word_1_117' title='bbox 603 3014 663 3078; x_wconf 86' lang='lat' dir='ltr'><strong>nisi</strong></span> <span class='ocrx_word' id='word_1_118' title='bbox 686 3011 774 3104; x_wconf 87' lang='lat' dir='ltr'><strong>quod</strong></span> <span class='ocrx_word' id='word_1_119' title='bbox 796 3010 881 3078; x_wconf 84' lang='lat' dir='ltr'><strong>idem</strong></span> <span class='ocrx_word' id='word_1_120' title='bbox 899 3036 1036 3102; x_wconf 84' lang='lat' dir='ltr'><strong>aequum</strong></span> <span class='ocrx_word' id='word_1_121' title='bbox 1057 3009 1289 3101; x_wconf 86' lang='lat' dir='ltr'><strong>honestumque</strong></span> <span class='ocrx_word' id='word_1_122' title='bbox 1298 3027 1395 3093; x_wconf 80' lang='lat' dir='ltr'><strong>esset,</strong></span> <span class='ocrx_word' id='word_1_123' title='bbox 1408 3025 1545 3078; x_wconf 88' lang='lat' dir='ltr'><strong>conten-</strong></span> 
     </span>
     <span class='ocr_line' id='line_1_19' title="bbox 602 3131 1549 3221; baseline -0.001 -22"><span class='ocrx_word' id='word_1_124' title='bbox 602 3133 697 3202; x_wconf 86' lang='lat' dir='ltr'><strong>dere:</strong></span> <span class='ocrx_word' id='word_1_125' title='bbox 722 3136 815 3200; x_wconf 84' lang='lat' dir='ltr'><strong>mbes</strong></span> <span class='ocrx_word' id='word_1_126' title='bbox 843 3131 1076 3199; x_wconf 82' lang='lat' dir='ltr'><strong>Transisalanae</strong></span> <span class='ocrx_word' id='word_1_127' title='bbox 1104 3133 1209 3200; x_wconf 88' lang='lat' dir='ltr'><strong>invitis</strong></span> <span class='ocrx_word' id='word_1_128' title='bbox 1241 3131 1329 3200; x_wconf 84' lang='lat' dir='ltr'><strong>sociis</strong></span> <span class='ocrx_word' id='word_1_129' title='bbox 1360 3153 1427 3196; x_wconf 89' lang='lat' dir='ltr'><strong>non</strong></span> <span class='ocrx_word' id='word_1_130' title='bbox 1457 3150 1549 3221; x_wconf 86' lang='lat' dir='ltr'><strong>posse</strong></span> 
     </span>
     <span class='ocr_line' id='line_1_20' title="bbox 604 3251 1551 3343; baseline -0.002 -25"><span class='ocrx_word' id='word_1_131' title='bbox 604 3255 719 3321; x_wconf 89' lang='lat' dir='ltr'><strong>teneri:</strong></span> <span class='ocrx_word' id='word_1_132' title='bbox 745 3278 850 3343; x_wconf 89' lang='lat' dir='ltr'><strong>neque</strong></span> <span class='ocrx_word' id='word_1_133' title='bbox 874 3277 947 3322; x_wconf 91' lang='lat' dir='ltr'><strong>vero</strong></span> <span class='ocrx_word' id='word_1_134' title='bbox 972 3251 1153 3320; x_wconf 84' lang='lat' dir='ltr'><strong>Hoiiandiac</strong></span> <span class='ocrx_word' id='word_1_135' title='bbox 1176 3276 1240 3319; x_wconf 86' lang='lat' dir='ltr'><strong>esse</strong></span> <span class='ocrx_word' id='word_1_136' title='bbox 1262 3254 1446 3334; x_wconf 88' lang='lat' dir='ltr'><strong>immernor,</strong></span> <span class='ocrx_word' id='word_1_137' title='bbox 1470 3257 1551 3342; x_wconf 85' lang='lat' dir='ltr'><strong>quae</strong></span> 
     </span>
     <span class='ocr_line' id='line_1_21' title="bbox 602 3369 1549 3462; baseline -0.003 -25"><span class='ocrx_word' id='word_1_138' title='bbox 602 3371 842 3462; x_wconf 84' lang='lat' dir='ltr'><strong>Rempublicam</strong></span> <span class='ocrx_word' id='word_1_139' title='bbox 862 3371 946 3437; x_wconf 89' lang='lat' dir='ltr'><strong>illam</strong></span> <span class='ocrx_word' id='word_1_140' title='bbox 963 3370 1223 3438; x_wconf 86' lang='lat' dir='ltr'><strong>Transssevanam</strong></span> <span class='ocrx_word' id='word_1_141' title='bbox 1233 3420 1243 3451; x_wconf 87' lang='lat'><strong>,</strong></span> <span class='ocrx_word' id='word_1_142' title='bbox 1255 3386 1350 3436; x_wconf 87' lang='lat' dir='ltr'><strong>suaet</strong></span> <span class='ocrx_word' id='word_1_143' title='bbox 1368 3369 1549 3436; x_wconf 82' lang='lat' dir='ltr'><strong>anctoritate</strong></span> 
     </span>
     <span class='ocr_line' id='line_1_22' title="bbox 601 3485 1548 3581; baseline -0.002 -29"><span class='ocrx_word' id='word_1_144' title='bbox 601 3503 632 3552; x_wconf 84' lang='lat' dir='ltr'><strong>et</strong></span> <span class='ocrx_word' id='word_1_145' title='bbox 666 3487 816 3575; x_wconf 83' lang='lat' dir='ltr'><strong>dignitate</strong></span> <span class='ocrx_word' id='word_1_146' title='bbox 850 3489 1040 3581; x_wconf 87' lang='lat' dir='ltr'><strong>pollentem,</strong></span> <span class='ocrx_word' id='word_1_147' title='bbox 1084 3487 1293 3554; x_wconf 87' lang='lat' dir='ltr'><strong>molestissime</strong></span> <span class='ocrx_word' id='word_1_148' title='bbox 1334 3503 1411 3554; x_wconf 82' lang='lat' dir='ltr'><strong>essct</strong></span> <span class='ocrx_word' id='word_1_149' title='bbox 1448 3485 1548 3552; x_wconf 88' lang='lat' dir='ltr'><strong>latura</strong></span> 
     </span>
     <span class='ocr_line' id='line_1_23' title="bbox 602 3607 1547 3701; baseline -0.001 -28"><span class='ocrx_word' id='word_1_150' title='bbox 602 3632 662 3675; x_wconf 89' lang='lat' dir='ltr'><strong>nec</strong></span> <span class='ocrx_word' id='word_1_151' title='bbox 686 3625 801 3675; x_wconf 90' lang='lat' dir='ltr'><strong>temere</strong></span> <span class='ocrx_word' id='word_1_152' title='bbox 826 3612 979 3692; x_wconf 87' lang='lat' dir='ltr'><strong>veritura,</strong></span> <span class='ocrx_word' id='word_1_153' title='bbox 1014 3633 1053 3674; x_wconf 88' lang='lat' dir='ltr'><strong>ne</strong></span> <span class='ocrx_word' id='word_1_154' title='bbox 1085 3611 1198 3701; x_wconf 90' lang='lat' dir='ltr'><strong>opibus</strong></span> <span class='ocrx_word' id='word_1_155' title='bbox 1228 3607 1377 3700; x_wconf 89' lang='lat' dir='ltr'><strong>paulatim</strong></span> <span class='ocrx_word' id='word_1_156' title='bbox 1406 3629 1547 3674; x_wconf 79' lang='lat' dir='ltr'><strong>crescens</strong></span> 
     </span>
     <span class='ocr_line' id='line_1_24' title="bbox 601 3725 1544 3818; baseline 0 -26"><span class='ocrx_word' id='word_1_157' title='bbox 601 3728 749 3818; x_wconf 69' lang='lat' dir='ltr'><strong>superbia</strong></span> <span class='ocrx_word' id='word_1_158' title='bbox 773 3730 829 3794; x_wconf 64' lang='lat' dir='ltr'><strong>sua</strong></span> <span class='ocrx_word' id='word_1_159' title='bbox 855 3745 969 3795; x_wconf 80' lang='lat' dir='ltr'><strong>ceteras</strong></span> <span class='ocrx_word' id='word_1_160' title='bbox 993 3729 1170 3795; x_wconf 82' lang='lat' dir='ltr'><strong>absorberet</strong></span> <span class='ocrx_word' id='word_1_161' title='bbox 1202 3729 1389 3818; x_wconf 82' lang='lat' dir='ltr'><strong>provincias.</strong></span> <span class='ocrx_word' id='word_1_162' title='bbox 1448 3725 1544 3794; x_wconf 85' lang='lat' dir='ltr'><strong>Tanti</strong></span> 
     </span>
     <span class='ocr_line' id='line_1_25' title="bbox 603 3843 1546 3937; baseline 0.002 -27"><span class='ocrx_word' id='word_1_163' title='bbox 603 3843 689 3936; x_wconf 88' lang='lat' dir='ltr'><strong>apud</strong></span> <span class='ocrx_word' id='word_1_164' title='bbox 713 3846 795 3937; x_wconf 90' lang='lat' dir='ltr'><strong>ipsos</strong></span> <span class='ocrx_word' id='word_1_165' title='bbox 819 3849 931 3913; x_wconf 88' lang='lat' dir='ltr'><strong>Frisiae</strong></span> <span class='ocrx_word' id='word_1_166' title='bbox 955 3845 1094 3914; x_wconf 89' lang='lat' dir='ltr'><strong>Ordines</strong></span> <span class='ocrx_word' id='word_1_167' title='bbox 1121 3850 1190 3934; x_wconf 87' lang='lat' dir='ltr'><strong>ejus</strong></span> <span class='ocrx_word' id='word_1_168' title='bbox 1211 3850 1365 3914; x_wconf 87' lang='lat' dir='ltr'><strong>sententia</strong></span> <span class='ocrx_word' id='word_1_169' title='bbox 1393 3845 1546 3916; x_wconf 88' lang='lat' dir='ltr'><strong>momenti</strong></span> 
     </span>
    </p>
   </div>
   <div class='ocr_carea' id='block_1_3' title="bbox 601 3962 1543 4059">
    <p class='ocr_par' dir='ltr' id='par_1_3' title="bbox 601 3962 1543 4059">
     <span class='ocr_line' id='line_1_26' title="bbox 601 3962 1543 4059; baseline 0.008 -33"><span class='ocrx_word' id='word_1_170' title='bbox 601 3962 683 4046; x_wconf 82' lang='lat' dir='ltr'><strong>fuit,</strong></span> <span class='ocrx_word' id='word_1_171' title='bbox 705 3981 742 4030; x_wconf 91' lang='lat' dir='ltr'><strong>ut</strong></span> <span class='ocrx_word' id='word_1_172' title='bbox 762 3967 880 4031; x_wconf 86' lang='lat' dir='ltr'><strong>etiamsi</strong></span> <span class='ocrx_word' id='word_1_173' title='bbox 901 3968 1079 4058; x_wconf 87' lang='lat' dir='ltr'><strong>optimates,</strong></span> <span class='ocrx_word' id='word_1_174' title='bbox 1095 3965 1134 4032; x_wconf 89' lang='lat' dir='ltr'><strong>ad</strong></span> <span class='ocrx_word' id='word_1_175' title='bbox 1148 3983 1325 4035; x_wconf 82' lang='lat' dir='ltr'><strong>extremum</strong></span> <span class='ocrx_word' id='word_1_176' title='bbox 1344 3989 1446 4059; x_wconf 80' lang='lat' dir='ltr'><strong>usqne</strong></span> <span class='ocrx_word' id='word_1_177' title='bbox 1463 3991 1543 4036; x_wconf 87' lang='lat' dir='ltr'><strong>oon·</strong></span> 
     </span>
    </p>
   </div>
   <div class='ocr_carea' id='block_1_4' title="bbox 602 4083 1546 4295">
    <p class='ocr_par' dir='ltr' id='par_1_4' title="bbox 602 4083 1546 4295">
     <span class='ocr_line' id='line_1_27' title="bbox 603 4083 1542 4178; baseline 0.005 -30"><span class='ocrx_word' id='word_1_178' title='bbox 603 4083 707 4150; x_wconf 88' lang='lat' dir='ltr'><strong>silium</strong></span> <span class='ocrx_word' id='word_1_179' title='bbox 727 4109 819 4152; x_wconf 88' lang='lat' dir='ltr'><strong>suum</strong></span> <span class='ocrx_word' id='word_1_180' title='bbox 837 4103 1080 4178; x_wconf 78' lang='lat' dir='ltr'><strong>persequentes,</strong></span> <span class='ocrx_word' id='word_1_181' title='bbox 1103 4085 1137 4152; x_wconf 89' lang='lat' dir='ltr'><strong>id</strong></span> <span class='ocrx_word' id='word_1_182' title='bbox 1161 4103 1307 4175; x_wconf 87' lang='lat' dir='ltr'><strong>agerent,</strong></span> <span class='ocrx_word' id='word_1_183' title='bbox 1340 4104 1376 4154; x_wconf 91' lang='lat' dir='ltr'><strong>ut</strong></span> <span class='ocrx_word' id='word_1_184' title='bbox 1399 4089 1479 4155; x_wconf 85' lang='lat' dir='ltr'><strong>urbe</strong></span> <span class='ocrx_word' id='word_1_185' title='bbox 1503 4085 1542 4154; x_wconf 87' lang='lat' dir='ltr'><strong>ad</strong></span> 
     </span>
     <span class='ocr_line' id='line_1_28' title="bbox 602 4203 1546 4295; baseline 0.002 -25"><span class='ocrx_word' id='word_1_186' title='bbox 602 4220 737 4273; x_wconf 82' lang='lat' dir='ltr'><strong>extrema</strong></span> <span class='ocrx_word' id='word_1_187' title='bbox 766 4203 913 4290; x_wconf 78' lang='lat' dir='ltr'><strong>redacta,</strong></span> <span class='ocrx_word' id='word_1_188' title='bbox 939 4231 1013 4280; x_wconf 86' lang='lat' dir='ltr'><strong>cum</strong></span> <span class='ocrx_word' id='word_1_189' title='bbox 1047 4203 1087 4274; x_wconf 87' lang='lat' dir='ltr'><strong>de</strong></span> <span class='ocrx_word' id='word_1_190' title='bbox 1122 4205 1354 4280; x_wconf 78' lang='lat' dir='ltr'><strong>conditionibus</strong></span> <span class='ocrx_word' id='word_1_191' title='bbox 1386 4223 1546 4295; x_wconf 78' lang='lat' dir='ltr'><strong>ageretur,</strong></span> 
     </span>
    </p>
   </div>
   <div class='ocr_carea' id='block_1_5' title="bbox 0 0 1740 5668">
    <p class='ocr_par' dir='ltr' id='par_1_5' title="bbox 0 0 1740 5668">
     <span class='ocr_line' id='line_1_29' title="bbox 0 0 1740 5668; baseline 0 0"><span class='ocrx_word' id='word_1_192' title='bbox 0 0 1740 5668; x_wconf 95' lang='lat' dir='ltr'><strong> </strong></span> 
     </span>
    </p>
   </div>
  </div>
 </body>
</html>
