3408 5664
661 901 719 968 itt

263 1069 430 1166 Exsequias
457 1075 524 1162 ejus
554 1073 871 1162 magnificentissimas
892 1076 999 1162 ingens
1030 1093 1062 1144 et
1089 1099 1153 1169 po-

218 1191 376 1285 pularium
398 1210 430 1261 et
452 1191 661 1264 finitimorum
692 1195 1012 1288 propinquorumque
1044 1219 1157 1262 corona

218 1316 490 1407 prosequebatur,
511 1330 595 1380 tants
614 1312 682 1398 illa,
695 1331 732 1381 ut
755 1339 864 1408 parem
882 1315 1049 1383 hominum
1069 1315 1156 1382 mul-

218 1431 389 1500 titudinem
409 1431 597 1518 Leovuaiia,
632 1457 761 1526 exque
791 1433 916 1502 condita
947 1459 1011 1502 esse
1033 1436 1158 1528 coepit,

218 1575 387 1644 nunquam
405 1551 567 1647 complexe
590 1573 654 1618 esse
673 1551 802 1621 seratur.
847 1558 983 1646 Pompse
1017 1555 1160 1622 funebris

216 1671 328 1758 longus
357 1670 455 1740 omlo:
488 1669 643 1740 feretrum
673 1699 689 1738 e
721 1671 900 1740 cohortium
935 1671 1098 1764 praesectis
1128 1687 1162 1737 et

219 1793 293 1858 viris
326 1791 484 1860 nobilibus
512 1815 565 1860 sex
598 1807 631 1858 ct
666 1793 793 1878 triffl'nta
824 1813 958 1860 numero
997 1809 1158 1880 gestatum.

219 1908 444 2000 Sequebantur
478 1897 576 1978 binus
607 1912 758 1978 Ernestus
791 1907 981 1996 Casimirus,
1026 1913 1160 1979 loannes

219 2027 425 2116 Ludovicus,
444 2031 577 2126 ejusque
602 2027 685 2097 filius
715 2032 849 2098 loannes
870 2033 1061 2116 Mauritius,
1082 2035 1159 2098 Jus-

219 2151 304 2216 tinus
325 2151 505 2233 Numerius,
529 2149 661 2216 aliorum
689 2135 862 2218 illustrium
889 2151 1075 2244 Principum
1096 2177 1159 2246 pe-

218 2269 388 2352 truelium,
421 2279 645 2356 cognatorum,
681 2267 843 2352 affinium,
876 2269 1040 2338 Ortlinum
1063 2269 1159 2338 dein-

218 2412 293 2486 ceps
324 2385 578 2472 loederatorum,
601 2385 797 2480 Senetrisque
825 2388 998 2476 legatorum
1018 2387 1160 2478 lugubris

216 2525 349 2578 caterua.
405 2507 515 2585 Ultimi
543 2509 578 2573 in
603 2531 722 2600 pompa
757 2506 867 2594 fuere,
900 2510 957 2600 qui
989 2508 1024 2574 in
1057 2508 1159 2576 tribus

220 2626 366 2696 defuncti
403 2627 572 2721 provinciis
605 2651 673 2694 rem
703 2626 862 2720 publicem
896 2645 929 2694 et
960 2628 1161 2720 provincialia

219 2772 351 2816 munera
374 2749 542 2834 gerebant,
566 2769 646 2838 quos
667 2760 858 2840 exceperunt
887 2748 1051 2841 utriusque
1072 2750 1160 2816 Ace-

221 2867 342 2939 dernier
374 2867 561 2936 Professores
593 2865 713 2934 delecti.
781 2863 919 2934 Cadaver
945 2891 1057 2954 magna
1088 2893 1163 2934 cura

222 2985 391 3058 conditum
414 2985 601 3056 Leoverdiae
619 2988 653 3052 in
674 2985 748 3053 sano
769 2987 920 3070 Jacobeo,
943 2986 1057 3053 Annae
1079 3011 1160 3054 eon·

215 3107 302 3196 jugis
323 3105 461 3198 reliquiis
483 3108 663 3199 appositum
695 3121 750 3170 est.
795 3106 974 3192 Tegebatur
997 3104 1162 3202 sepulcrali

223 3241 452 3310 monumento,
483 3224 648 3312 magnifice
670 3249 687 3292 e
714 3248 867 3291 marmore
894 3241 1073 3312 exstruct03
1111 3229 1162 3296 eui

222 3345 258 3410 in
282 3345 399 3412 mortui
424 3342 578 3411 bonorem
597 3357 697 3409 statua
724 3367 762 3408 ex
787 3343 859 3410 elbo
881 3367 1033 3411 marmore
1057 3345 1160 3412 artifi-

224 3463 304 3532 ciose
336 3461 477 3530 confecta
518 3463 759 3556 imponebatur,
805 3462 839 3527 in
874 3461 1032 3556 pulvinari
1064 3489 1163 3552 genua
1197 3460 1204 3471 “

224 3581 379 3667 flectens,
423 3581 551 3670 galeata,
597 3598 629 3647 et
663 3582 790 3650 manicis
833 3581 959 3674 allisque
993 3583 1164 3670 iusignihs

224 3717 343 3769 ornata.
396 3700 427 3770 A
459 3700 568 3768 dextre
601 3703 837 3787 Constantiam,
869 3730 886 3768 a
918 3703 1042 3770 sinistre
1076 3708 1161 3772 Pru-

224 3819 365 3887 dentiam
389 3821 520 3904 habuit,
543 3837 676 3887 stantem
705 3837 870 3914 utramque
889 3823 1057 3909 virginem,
1081 3823 1164 3891 hanc

234 4009 507 4027 ..........
996 4006 1031 4085 θ

224 4115 358 4170 d'autaut
383 4117 448 4184 plus
475 4117 656 4170 d'trttsutiou.
695 4119 732 4170 Lc
752 4121 894 4171 tuisne-uu
920 4120 1015 4173 utitur.
1039 4136 1068 4172 ια
1087 4119 1160 4172 tuin.

227 4205 300 4257 rur.
321 4223 348 4271 p.
367 4203 426 4256 552·
