3454 5658
663 992 704 1056 25

142 1185 150 1204 ⁰
219 1179 288 1230 tom
309 1165 355 1228 uti
379 1161 562 1232 Guilielmus
582 1178 714 1256 poterat.
749 1165 866 1232 Contra
890 1161 1071 1251 Verrlugoni
1090 1180 1152 1231 tres

216 1281 349 1368 legiones
373 1283 555 1375 llispanicee
584 1307 620 1350 ac
653 1299 787 1375 quatuor
819 1284 961 1374 equitum
996 1287 1153 1352 centuriae

187 1415 198 1462 l
216 1402 388 1491 parebant,
406 1400 569 1468 maximam
589 1415 711 1493 partem
730 1401 765 1466 in
778 1401 880 1468 castris
892 1399 1054 1487 degentes3
1075 1424 1150 1466 nem

218 1519 381 1605 Groniuga
402 1517 554 1610 praesidio
580 1543 690 1604 vacua,
719 1521 922 1588 Stenovieam
953 1536 985 1587 et
1019 1517 1148 1587 Olden-

215 1637 285 1702 salia
296 1640 402 1730 paucis
412 1637 615 1730 praesidiariis
634 1640 893 1723 continebantur,
914 1638 1010 1730 pulsis
1028 1640 1151 1730 quippe

214 1758 360 1848 suspectis
379 1758 557 1847 quibusque
576 1755 750 1851 oppidanis.
783 1756 822 1825 ld
835 1755 922 1848 quod
941 1757 1011 1825 lieri
1030 1760 1147 1824 inFri-

214 1875 255 1940 sia
271 1873 342 1942 ideo
361 1878 464 1943 minus
480 1892 620 1970 poterat,
639 1876 727 1968 quod
747 1893 779 1944 ct
796 1895 905 1946 contra
924 1879 988 1946 rim
1005 1879 1150 1946 hostilem

214 2010 245 2060 et
278 2010 380 2061 motus
404 1996 508 2064 civiles
538 1993 672 2064 tuendae
703 1998 837 2064 civitates
857 2013 955 2062 erant.
999 1998 1038 2062 ln
1052 1997 1148 2063 Frisia

212 2113 616 2202 fertilissimisostergoae,
640 2115 836 2200 Westergoae
863 2139 900 2181 ac
917 2113 1148 2206 Septemsylva-

211 2258 286 2302 nun
315 2236 490 2320 regionibus
523 2235 640 2302 tributa
671 2231 819 2320 Verdugo
835 2234 1026 2323 imperabat:
1059 2232 1147 2299 Frisii

211 2354 321 2422 accolis
340 2355 550 2440 Groninganis
570 2353 675 2436 nulla„
706 2353 792 2438 Ergo
810 2367 847 2416 ut
867 2350 948 2418 hosti
968 2348 1147 2418 demeretur

211 2471 355 2560 exigendi
375 2473 484 2538 tributi
501 2471 647 2555 facultas,
666 2469 879 2538 Stenovicensi
899 2467 1052 2561 pracsidio
1072 2493 1145 2536 cas-

211 2592 320 2660 tellum
339 2593 434 2679 objici
454 2590 581 2684 placuit.
634 2591 743 2680 Quam
771 2589 813 2656 ob
842 2610 911 2657 rem
938 2587 1146 2672 Guilielmtu,

209 2711 324 2801 paratis
344 2709 539 2793 necessariis,
561 2733 635 2778 cum
661 2707 797 2775 militum
819 2727 917 2774 manu
943 2730 982 2774 co
1013 2708 1144 2792 missus,

208 2845 248 2895 ut
268 2828 317 2897 vel
339 2830 400 2920 ipsi
418 2825 537 2920 oppido
556 2851 615 2919 per
633 2825 756 2894 insidias
782 2827 1015 2918 superveniret,
1048 2826 1098 2896 rel
1119 2829 1147 2896 ti

209 2947 288 3017 male
308 2945 343 3013 id
362 2969 519 3014 cossinum
535 2944 711 3032 videretur,
730 2945 852 3014 castello
870 2945 1045 3013 muniendo
1063 2971 1144 3038 ope-

209 3090 277 3134 ram
296 3064 393 3132 daret.
437 3063 501 3134 Sed
527 3063 610 3132 hosti
629 3063 781 3132 adventus
807 3080 840 3130 et
868 3067 1065 3156 propositum
1088 3067 1145 3134 in-
1232 3125 1237 3139 .

176 3202 178 3208 '
209 3188 330 3272 notuit3
355 3187 422 3276 ipse
442 3200 546 3252 tamen
566 3185 711 3267 accessit,
731 3182 905 3273 vidensque
922 3183 1036 3252 castelli
1049 3207 1144 3277 prae-

208 3305 287 3373 sidio
310 3302 434 3373 occludi
456 3304 569 3371 Fbisiac
591 3301 713 3370 aditum
736 3325 802 3368 non
825 3325 934 3393 posse,
966 3300 1082 3368 infecta
1110 3325 1146 3369 re

208 3423 345 3492 reditum
367 3423 495 3514 paravit.
538 3422 615 3511 Quo
636 3420 672 3485 in
693 3419 804 3487 itinere
824 3417 892 3486 dira
914 3441 988 3492 eum
1005 3435 1145 3512 tempea-

210 3559 254 3608 tas
274 3543 416 3634 excepit:
443 3542 563 3606 tonitru
582 3539 735 3606 fremebat
754 3547 831 3622 aer,
853 3553 886 3604 ct
907 3537 1046 3606 fulminis
1060 3555 1146 3608 unu

209 3663 255 3730 vis
275 3677 362 3745 erat,
387 3675 425 3726 ut
448 3658 576 3750 oblique
599 3659 681 3726 viam
703 3679 809 3725 secans
838 3681 935 3747 equos
964 3660 1143 3749 perterritos

210 3781 301 3848 humi
323 3793 543 3873 prosterneret.
596 3777 724 3868 Saepius
745 3775 804 3842 tale
826 3773 953 3866 quidsi
985 3776 1020 3844 in
1048 3771 1143 3848 Frisia
1224 3831 1228 3838 .
1313 3775 1318 3788 '

209 3898 342 3986 accidit3
386 3894 555 3990 aliquando
588 3896 624 3963 in
659 3894 845 3964 Leorardiae
876 3894 955 3962 vallo
989 3898 1170 3988 equitanti¹

209 4020 377 4110 pruinosus
398 4017 515 4084 arboris
537 4007 658 4101 ramus,
682 4015 782 4081 oneris
803 4016 835 4081 vi
853 4014 991 4101 fractus,
1011 4017 1047 4081 in
1067 4019 1143 4107 equi
1249 4049 1254 4060 ·

211 4137 340 4206 dorsum
368 4159 480 4223 magno
506 4137 626 4226 impetu
648 4131 786 4218 decidit3
811 4137 902 4221 cujus
923 4133 1017 4224 paulo
1036 4151 1141 4202 matu-
1185 4128 1192 4142 “

211 4259 274 4326 rior
295 4281 380 4324 cesus
401 4253 567 4324 Guiliclmo
595 4255 689 4326 vitam
712 4251 880 4325 ademisset.
923 4241 1041 4326 Iterum
1058 4277 1143 4344 equo
