3454 5658
656 885 694 952 71

210 1055 245 1124 ib
265 1058 300 1126 iis
321 1053 502 1152 reliquerit,
531 1059 705 1128 luculenter
727 1057 801 1125 inde
822 1075 928 1151 patet,
957 1055 1044 1148 quod
1066 1081 1143 1149 pro-

210 1179 294 1246 ximo
314 1199 398 1245 anno
415 1179 585 1246 sententiae
600 1181 667 1267 ejus
684 1195 887 1246 consentanee
900 1173 1085 1268 peregerint.
1101 1175 1142 1250 [¹]

209 1293 321 1362 Redux
341 1299 376 1362 in
394 1297 523 1366 Frisiam
541 1297 684 1390 exemplo
706 1287 997 1390 ceterisproviriciis
1019 1297 1146 1389 praeiit,

209 1429 241 1482 e't
261 1414 380 1482 assidue
398 1417 510 1484 milites
531 1419 566 1484 iis
588 1419 705 1484 artibus
726 1419 870 1485 exerceri
880 1418 999 1505 jussity
1012 1440 1091 1507 quae
1112 1417 1147 1480 in

207 1532 336 1602 obsidiis
348 1539 514 1622 gravissimi
524 1553 598 1604 sunt
617 1552 649 1604 et
664 1539 767 1602 eximii
786 1537 946 1603 momenti.
977 1534 1146 1622 Verdugo-

209 1661 284 1720 nem
301 1670 410 1722 autem·
422 1657 650 1748 inmcpuerunt
665 1657 797 1722 maxime
819 1655 1016 1740 Groningani
1027 1704 1045 1738 ,-
1060 1651 1147 1745 quod

208 1789 341 1839 &eunte
358 1773 566 1867 praecedente
581 1799 665 1843 anno
683 1791 747 1842 tam
763 1789 942 1868 opportuna
957 1774 1023 1841 loca
1035 1775 1151 1840 inertid'

208 1893 364 1960 amisisset.
396 1895 503 1984 Quare
523 1897 549 1962 is
570 1895 708 1978 veritus,
727 1917 766 1960 ne
785 1889 924 1960 seditiose
942 1894 988 1958 sui
1012 1907 1043 1958 et
1065 1916 1147 1958 oon-

208 2011 368 2080 tumeliose
391 2031 537 2100 agerent,
559 2039 576 2080 e
606 2015 773 2080 Parmensi
794 2013 892 2078 multa
915 2035 1008 2102 prece
1021 2061 1038 2094 ,1
1053 2010 1149 2076 samse

208 2132 351 2222 periculo
383 2147 526 2215 ostenso,
557 2133 654 2199 trium
675 2131 807 2196 millium
830 2129 965 2196 militum
998 2129 1150 2216 legionem

208 2250 407 2342 impetravitr
425 2247 475 2314 his
490 2251 683 2339 qiringentos·
693 2247 841 2340 peditesr
851 2263 1005 2316 trecentos
1013 2249 1157 2339 equites,‚

209 2389 290 2460 quos
310 2370 377 2462 ipse
398 2367 549 2453 habebat,
569 2367 724 2456 adjunxit.
768 2371 851 2434 Tam
875 2391 1040 2456 numeroso
1056 2390 1155 2433 exer--

203 2487 287 2554 'citui
314 2483 437 2553 fortiter
457 2489 547 2554 Frisii
574 2488 711 2554 resistere
734 2488 932 2580 cupiebant„
961 2489 1017 2578 qui
1042 2487 1148 2552 amissi

209 2619 344 2697 propter
362 2603 463 2672 debile
485 2604 695 2699 praesidium,
722 2631 781 2674 nec
800 2607 869 2673 satis
891 2606 1017 2673 firmam
1040 2607 1155 2672 muni--

210 2725 331 2790 tionem
345 2723 508 2808 Emodus,
532 2727 757 2794 Gubernatoris
774 2727 911 2818 auspicio
929 2725 1070 2792 hostibus
1086 2725 1155 2792 ob·-

209 2843 294 2908 viam
316 2859 445 2926 euntes,
469 2845 610 2936 primum
628 2847 834 2912 Doccumum'
847 2846 930 2911 inter
951 2859 982 2910 et
1010 2845 1166 2912 Leone-f

209 2961 296 3028 diem
317 2977 412 3029 eastm
430 2964 536 3030 metati
552 2979 647 3048 sunt3
669 2962 744 3030 dein
768 2965 815 3030 bis
832 2962 915 3030 mille
936 2963 1071 3030 militum
1090 2987 1149 3029 cx-

209 3083 312 3150 e'rcitu
341 3083 426 3148 nevis
456 3099 590 3172 quatuor
613 3085 759 3150 centun'is
782 3085 820 3149 ab
843 3082 1022 3150 Ordinibus
1038 3082 1155 3150 foede-v

208 3203 283 3268 ratis
311 3218 420 3282 aucto,
454 3217 672 3292 processerunt
710 3201 917 3282 Collumums
946 3199 1033 3266 unde
1064 3197 1150 3289 haud

208 3319 324 3410 procul
338 3319 435 3385 hostis
451 3317 639 3396 consederat.
669 3319 723 3386 Ab
739 3336 874 3412 utroque
890 3319 962 3385 belli
977 3317 1057 3386 (lnce
1072 3321 1149 3384 uni-

209 3453 297 3506 versa
317 3439 362 3503 rei
383 3434 541 3506 dimicatio
563 3440 694 3523 evitata,
728 3437 896 3507 Guilielmo
924 3437 1054 3531 quidem
1078 3463 1149 3504 mc-

210 3573 340 3642 tuente,
371 3581 414 3622 ne
447 3558 588 3648 superior
608 3557 690 3625 bello
711 3555 873 3624 discedens
897 3557 1067 3644 Verdugo,
1088 3559 1151 3624 suis

210 3674 372 3743 occidione
393 3673 520 3758 deletis,
538 3677 698 3742 resistente
716 3679 861 3762 nemine,
878 3679 990 3744 Frisiae
1008 3679 1067 3744 sibi
1085 3677 1152 3745 loca

209 3797 431 3879 submitterct3
456 3793 644 3881 Verdugone
669 3820 741 3862 vero
771 3797 805 3862 in
832 3796 925 3865 simili
947 3823 1001 3863 sua
1026 3795 1152 3868 fortune

207 3914 414 4002 ignominiam
431 3913 669 3999 reformidante,
688 3941 783 4006 quam
799 3917 865 4008 ipse
882 3935 1043 3986 veteranus
1057 3945 1074 3986 s
1087 3945 1150 3986 no-

208 4086 509 4104 m

250 4179 293 4247 (r)
315 4177 453 4240 Ennius,
473 4195 501 4245 p.
519 4179 562 4248 67«
597 4179 693 4246 tteyd,
712 4179 730 4232 l.
750 4179 769 4230 l.
787 4199 815 4248 p·
836 4181 893 4237 rire,
