3454 5658
1004 926 1024 989 2

546 1117 649 1166 autem
671 1101 824 1188 majorum
844 1101 1012 1166 neumare
1031 1098 1135 1163 animo
1153 1098 1281 1165 virtutes
1303 1111 1335 1162 et
1352 1117 1400 1162 res
1411 1118 1482 1182 ges-

548 1235 609 1302 tas,
621 1218 683 1284 sive
695 1219 756 1308 ipsi
768 1240 929 1284 narremus
942 1266 952 1300 ,
975 1216 1037 1281 sive
1049 1232 1207 1281 narrantes
1218 1215 1290 1282 alios
1302 1214 1460 1312 audiamus
1473 1266 1483 1298 ‚

542 1334 725 1423 jucundum
759 1338 845 1402 omni
882 1353 1021 1426 tempore
1050 1359 1113 1400 esse
1147 1334 1244 1419 solet,
1275 1337 1317 1400 ita
1348 1334 1408 1401 hac
1436 1357 1483 1400 eas

544 1471 642 1520 aetate
663 1454 818 1539 recolere,
851 1480 914 1545 qua
936 1478 1011 1542 gens
1035 1471 1140 1520 nostra
1162 1469 1225 1520 tam
1247 1454 1357 1519 eximie
1377 1477 1483 1521 earum

545 1598 577 1640 se
598 1597 768 1642 memorem
788 1591 820 1642 et
845 1591 984 1642 tenacem
1010 1575 1176 1666 probavit,
1198 1573 1371 1666 plurimum
1391 1571 1481 1640 vide·

544 1710 597 1759 tur
631 1693 907 1761 commendationis
932 1693 1056 1758 habere.
1099 1693 1142 1758 Et
1165 1694 1278 1759 versari
1300 1690 1431 1782 quidem
1447 1692 1481 1756 in

543 1812 756 1881 describendis
789 1813 1007 1880 excellentium
1039 1812 1178 1880 viro1um
1213 1813 1306 1896 vitis,
1341 1812 1482 1879 universe

542 1933 666 2026 placet,
691 1931 747 1999 sed
763 1935 828 2021 ejus
847 1933 904 2002 viri
926 1932 1145 1998 commendare
1163 1933 1362 2015 memoriam,
1386 1954 1481 2023 quem

542 2066 574 2116 et
607 2051 690 2118 bello
722 2050 921 2134 inclaruisse,
957 2067 986 2116 et
1024 2052 1107 2143 pacis
1139 2052 1257 2117 artibus
1290 2051 1415 2134 favisse,
1450 2070 1481 2116 et

543 2169 736 2258 praeclarum
766 2171 885 2261 patriae
908 2169 1000 2235 fuisse
1021 2178 1259 2259 ornamentum,
1292 2173 1481 2262 accipimus,

541 2288 683 2353 omnium
712 2289 845 2355 maxime
877 2287 1036 2353 advertere
1067 2291 1206 2356 animum
1231 2315 1267 2357 ac
1290 2291 1482 2382 permulcere

542 2405 647 2474 debet.
690 2404 805 2497 Quid?
828 2405 915 2498 quod
936 2407 1119 2475 Guilielmus
1135 2406 1313 2476 Ludovicus
1331 2433 1404 2476 eum
1420 2409 1479 2474 ha-

541 2525 612 2592 buit
642 2540 786 2618 patrem,
820 2549 838 2593 e
873 2531 962 2614 cujus
999 2527 1185 2594 nobilissima
1228 2529 1325 2618 stirpe
1359 2527 1508 2618 praeter'

540 2646 702 2730 Frisones,
735 2643 919 2716 Guitielmus
939 2648 964 2712 1.
996 2647 1064 2713 Rex
1094 2663 1198 2713 noster
1231 2648 1480 2733 augustissimus,

540 2741 606 2832 tam
637 2763 758 2831 illustre
789 2782 821 2830 ct
843 2767 963 2852 generis
984 2767 1051 2848 sui,
1074 2781 1105 2829 et
1127 2749 1233 2831 nostri·
1250 2765 1346 2832 seculi
1368 2763 1480 2848 decus,

540 2902 625 2952 ortus
643 2901 699 2951 est.
741 2885 784 2952 Et
805 2909 898 2967 vero,
925 2883 1029 2952 lucere
1051 2883 1130 2950 mihi
1149 2865 1293 2969 nondum
1312 2887 1346 2950 in
1365 2883 1481 2976 patriae

540 3020 662 3071 nostrae
682 3003 831 3089 historia,
861 3021 898 3071 ut
926 3019 1103 3097 parerat,
1137 3002 1296 3071 Guilielmi
1328 3003 1480 3072 Ludovici

538 3101 668 3192 virtutes
690 3149 727 3192 ac
748 3124 883 3192 facinora
915 3122 1121 3191 videbantur:
1146 3124 1330 3207 obscurata,
1351 3124 1377 3189 ai
1400 3122 1479 3215 quid
1534 3099 1537 3104 ἱ

539 3242 703 3328 videbam,
722 3243 847 3310 illustris
865 3242 998 3333 aequalis
1016 3243 1169 3334 amicique
1191 3241 1345 3310 diascilii
1369 3243 1478 3336 splen-

539 3361 626 3430 dore.
679 3364 770 3430 Hanc
804 3365 846 3431 ob
887 3386 1042 3447 caussam,
1085 3387 1125 3428 ne
1159 3362 1391 3455 perpendendis
1424 3389 1478 3429 ra-

539 3483 675 3549 tionibus
703 3484 904 3566 immorarer,
936 3498 1123 3572 tempusque
1151 3481 1336 3573 perderem,
1359 3485 1479 3573 suscepi

536 3604 690 3670 continuo
707 3628 796 3693 opus.
821 3602 962 3684 Sensim,
985 3619 1021 3665 ut
1033 3599 1269 3692 progrediebar,
1283 3599 1477 3668 diffitudtati-

539 3724 598 3787 bus
610 3721 791 3789 offendebar
813 3719 910 3788 modo
931 3721 1115 3803 levioribus,
1138 3718 1234 3786 modo
1253 3721 1421 3807 majolibus
1443 3749 1478 3786 ac

539 3842 750 3925 gravioribus:
783 3840 838 3906 sed
873 3819 1028 3930 quaenam
1058 3855 1159 3904 tantae
1194 3855 1339 3929 poterant
1362 3843 1477 3927 objici,

540 3977 577 4028 ut
599 3960 790 4027 haberentur
819 3961 975 4043 invictae,
1007 3956 1097 4026 etad
1120 3956 1384 4051 despondendum
1405 3963 1475 4024 aui-

540 4105 629 4148 mum
663 4105 759 4174 quam
791 4078 832 4145 ad
861 4076 1124 4146 inflammandum
1137 4055 1357 4145 efficaciores?
1410 4053 1475 4142 Ce-

540 4213 643 4270 terum
677 4197 716 4265 ad
744 4195 1005 4289 persequendum
1037 4198 1116 4280 iter,
1147 4213 1183 4264 ut
1203 4197 1380 4283 argumenti
1402 4219 1474 4280 gra-
