3454 5658
939 837 993 886 vm

495 991 539 1062 do
558 995 659 1076 lente,
685 998 739 1062 nil
757 1006 867 1062 actum
893 1005 1078 1085 reputans,
1102 995 1442 1086 dumquidsnperee-

496 1114 743 1207 satagendum.
789 1115 842 1183 Sic
867 1113 1015 1197 tandem,
1038 1115 1178 1181 absolute
1199 1117 1440 1184 commentatio-

495 1259 536 1302 ne
554 1261 592 1303 ac
612 1233 809 1322 Lugdunum
831 1235 1032 1318 transmissit,
1055 1232 1199 1300 debiturn
1220 1233 1261 1300 de
1280 1259 1332 1319 ea,
1346 1259 1443 1324 quem
1464 1311 1466 1318 Α

497 1356 557 1421 tibi
582 1354 744 1442 gratulor,
767 1354 921 1422 honorem
944 1355 1119 1444 reportasti.

535 1476 582 1544 At
612 1498 686 1543 vero
717 1500 782 1542 non
814 1471 991 1562 gratulandi
1015 1472 1116 1540 solum
1146 1495 1265 1557 caussa,
1299 1476 1343 1539 mi
1369 1472 1441 1556 lili,

494 1594 551 1659 has
572 1591 612 1662 ad
635 1609 666 1660 te
689 1593 791 1660 literas
815 1587 954 1660 scribere
979 1594 1013 1658 in
1035 1594 1176 1658 animum
1206 1591 1329 1662 induxi.
1359 1596 1442 1661 Per-

495 1708 671 1777 ficiendum
689 1713 757 1798 jam
782 1711 841 1776 tibi
863 1733 994 1794 censeo,
1027 1707 1132 1800 quoad
1161 1713 1229 1800 ejus
1262 1711 1333 1777 lieri
1364 1710 1442 1778 dili-

496 1832 672 1918 gentissime
706 1847 829 1923 potest,
873 1833 938 1898 imo
971 1828 1133 1896 edendum
1166 1833 1328 1923 specimen
1368 1831 1446 1900 illud

497 1966 603 2038 tuum.¹
643 1951 725 2018 Nam
748 1951 917 2039 suscepisse
942 1973 1022 2043 opus
1044 1966 1139 2042 atque
1168 1950 1208 2018 ad
1237 1951 1337 2019 linem
1363 1977 1443 2046 per-

498 2067 645 2145 duxisse,
688 2093 755 2136 non
783 2069 920 2138 sufficit:
965 2071 1011 2136 sic
1041 2087 1167 2162 oportet
1197 2070 1376 2162 perficere,
1409 2089 1446 2138 ut

502 2215 599 2280 qnam
620 2191 789 2254 minimum
809 2187 848 2253 ad
868 2187 1096 2280 perfectionem
1119 2187 1324 2257 desideretur.
1375 2191 1446 2257 Cu-

501 2312 555 2396 jus
577 2309 668 2374 nobis
689 2305 786 2372 studii
803 2305 984 2398 exemplum
1005 2322 1036 2372 et
1058 2309 1185 2374 Veteres
1206 2325 1238 2374 et
1259 2310 1358 2376 nostri
1382 2335 1443 2400 pa-

502 2429 579 2496 riter
607 2429 740 2516 majores
764 2423 934 2492 dederunt.
984 2424 1093 2506 Plato,
1128 2409 1177 2492 uti
1207 2428 1287 2510 scis,
1320 2427 1447 2494 Politiae

498 2546 628 2616 exordio
649 2545 790 2614 limando
822 2547 867 2613 sic
899 2561 1070 2639 occupatus
1100 2544 1183 2628 suit,
1217 2562 1255 2612 ut
1286 2547 1334 2612 bis
1363 2563 1449 2614 terve

502 2669 634 2759 abipso
662 2668 696 2732 in
725 2667 802 2733 ceris
834 2667 990 2759 scriptum
1017 2681 1090 2758 post
1110 2668 1175 2753 ejus
1206 2667 1330 2734 obitum
1351 2691 1447 2760 repe-

503 2791 627 2854 riretur.
679 2786 926 2853 Demosthenem
960 2787 1042 2854 cives
1072 2787 1124 2853 vix
1155 2809 1194 2853 eo
1225 2785 1446 2871 adducebant,

504 2924 541 2974 ut
563 2931 601 2974 ex
624 2923 766 2997 tempore
796 2929 856 2972 nee
881 2907 951 2972 satis
977 2904 1143 2972 meditatus
1171 2904 1305 2980 diceret,
1331 2905 1447 2976 adver-

507 3030 577 3094 sarii
597 3044 724 3112 autem,
759 3050 833 3094 cum
854 3029 889 3092 in
918 3029 986 3114 ejus
1007 3027 1219 3110 orationibus,
1252 3025 1340 3116 quotl
1368 3044 1452 3095 recte

507 3144 802 3241 reprehenderent,
850 3171 915 3214 uon
960 3147 1159 3240 reperirent,
1204 3145 1364 3214 lucernam
1405 3169 1454 3212 eas

512 3269 593 3336 olere
624 3267 847 3360 perhibebant.
893 3269 1036 3332 Tantum
1056 3268 1207 3359 princeps
1228 3265 1278 3332 ille
1297 3282 1455 3356 uterque,

511 3388 587 3454 alter
608 3388 896 3480 philosophorum,
918 3403 1076 3454 oratorum
1094 3385 1188 3469 alter,
1211 3411 1228 3452 a
1250 3386 1457 3454 tumultuariis

513 3503 690 3575 conflandis
725 3507 873 3597 operibus
909 3505 1144 3572 abhorrebanta
1179 3503 1379 3572 lucubrando
1411 3505 1456 3572 illi

514 3626 697 3698 bnmortnlia
725 3625 897 3694 effecerunt
920 3626 1035 3716 scripta
1066 3649 1129 3692 sua.
1180 3627 1300 3693 Pariter
1323 3629 1455 3715 majores

514 3746 622 3812 nostri.
676 3745 750 3810 Non
784 3745 826 3809 ita
855 3745 958 3810 subito
993 3743 1123 3812 evolavit
1154 3747 1258 3816 Grotii
1284 3748 1382 3812 nostri
1414 3749 1456 3814 de

509 3868 594 3954 jure
620 3866 699 3930 tetta·
723 3849 756 3928 et
774 3867 875 3953 paces
905 3887 1007 3954 opus,
1039 3881 1076 3930 ut
1106 3865 1267 3932 evolarunt
1287 3882 1360 3957 post
1382 3889 1456 3934 eum

517 4001 657 4051 sexcenta
689 3982 820 4050 aliorum
851 3981 891 4048 de
923 3983 1073 4049 similibus
1103 3986 1454 4076 a1·gumentisscripta;

519 4101 737 4186 illudentem,
761 4120 796 4168 ut
817 4104 946 4191 antiqua
978 4103 1050 4185 illa,
1073 4102 1245 4170 immortale
1269 4121 1334 4172 est:
1359 4105 1457 4182 haee,
