3408 5664
566 1000 799 1127 demssum,
846 1057 968 1133 quanto
1001 1040 1179 1110 adversariis
1208 1066 1325 1112 revers
1366 1051 1508 1138 superior

563 1153 661 1247 esset,'
683 1180 771 1230 tanto
805 1164 984 1230 submissius
1018 1184 1050 1230 se
1082 1180 1260 1250 germitem:
1309 1181 1430 1256 quanto
1458 1166 1506 1232 isti

564 1284 685 1368 gravius
706 1283 740 1350 in
761 1284 866 1374 ipsum
891 1300 986 1372 atque
1007 1282 1152 1350 audacius
1164 1285 1409 1370 inveherentur,
1425 1275 1505 1353 ¹tau-

566 1421 597 1470 to
625 1403 730 1490 lugere
762 1405 856 1490 magis
885 1419 917 1468 et
949 1405 1091 1470 miseram
1126 1402 1291 1495 deplorare
1319 1404 1508 1497 reipublicae

564 1523 742 1607 fortunam,
765 1547 867 1615 quae,
881 1549 980 1614 quum
1004 1540 1080 1589 esset
1103 1547 1176 1591 eum
1194 1523 1283 1589 hoste
1300 1521 1401 1590 valido
1425 1549 1506 1592 oon-

563 1641 763 1729 fligeudum,
785 1642 889 1710 fovere
920 1645 954 1707 in
983 1643 1054 1708 sinu
1073 1666 1130 1708 suo
1161 1642 1263 1711 civiles
1287 1641 1455 1710 disoordias
1477 1659 1511 1710 st

561 1759 718 1828 seditiosos
743 1762 824 1828 cives
845 1762 941 1828 invita
966 1779 1136 1848 cogeretur.
1183 1761 1354 1849 Magnifice
1376 1786 1449 1828 sane
1464 1761 1510 1830 de
1557 1753 1562 1762 ’

563 1897 627 1945 tam
646 1881 763 1958 amanti
784 1881 900 1972 patriae
925 1882 1011 1966 eive,
1035 1879 1075 1947 de
1098 1898 1162 1949 tam
1182 1881 1343 1950 auderato
1370 1883 1512 1969 justitiae

563 1997 687 2065 vindice
710 2000 935 2083 existimamus,
957 1998 1034 2066 adeo
1058 2017 1095 2064 ut
1116 1999 1216 2090 qualis
1235 1987 1363 2088 ingenio
1382 2003 1506 2070 animo·¹
1535 1991 1536 1994 Ἴ

563 2143 643 2209 que,
670 2120 787 2210 quibus
803 2120 940 2208 justitiae
965 2120 1196 2211 probitatisque
1220 2121 1360 2186 sensibus
1388 2119 1516 2217 fuerit„f
1642 2125 1645 2134 '

562 2239 807 2331 perspiciamus,
830 2255 862 2304 et
886 2261 979 2322 vero,
1004 2239 1030 2304 si
1057 2238 1104 2305 his
1130 2236 1313 2304 addendum
1341 2238 1422 2307 nibil
1444 2238 1509 2304 ha-

562 2361 728 2442 beremus,
751 2360 804 2424 vix
831 2355 1037 2424 desideraturi
1059 2356 1237 2448 quidquam
1258 2381 1400 2425 essemus.
1443 2355 1507 2426 Sed

561 2476 761 2546 memoranda
789 2479 880 2544 nobis
914 2461 1028 2560 aestate
1064 2501 1127 2566 qua
1157 2476 1219 2544 boc
1247 2476 1437 2544 absolvamus
1465 2474 1507 2542 de

447 2631 451 2642 ·
552 2598 644 2666 oivili
664 2600 732 2685 ejus
760 2595 929 2689 prudentia
952 2613 1065 2688 caput,
1097 2596 1157 2664 viri
1178 2597 1295 2679 oratiO,
1332 2622 1395 2686 qua
1418 2592 1505 2661 haud

554 2719 625 2810 *scio
650 2741 690 2781 an
712 2717 798 2782 nulla
827 2718 992 2802 excogitari
1019 2714 1059 2781 ad
1089 2713 1258 2782 movendos
1288 2716 1408 2782 animos
1421 2714 1505 2782 eii>

563 2836 663 2904 caoior
693 2837 811 2927 possit:
840 2851 951 2926 estque
981 2833 1090 2902 eadem
1117 2837 1368 2919 monimentum,
1390 2850 1429 2900 ut
1452 2835 1505 2902 vi-

561 2953 678 3039 detur,
700 2952 793 3046 plone
814 2955 963 3020 eximium
984 2955 1108 3037 aetatis,
1131 2979 1194 3045 qua
1215 2955 1302 3020 vixit.
1323 2953 1408 3022 stibi
1428 2955 1506 3044 qui-

561 3073 637 3141 dem
657 3072 775 3160 legenti
793 3073 876 3140 iliam
904 3073 1071 3163 romaeque
1101 3072 1271 3156 recolenti,
1312 3072 1506 3168 insumatur

562 3195 681 3288 priseae
710 3193 791 3259 illius
820 3194 978 3260 Batavieae
1006 3193 1127 3260 virtutis
1158 3219 1194 3260 ac
1230 3191 1305 3258 fidei
1338 3192 1511 3278 memoria,

562 3339 660 3406 quam
682 3313 760 3382 baec
781 3315 858 3380 item
878 3313 994 3382 referre
1012 3333 1158 3405 praeseus
1179 3330 1285 3380 nostra
1309 3330 1389 3380 aetas
1412 3311 1505 3382 vide·

554 3451 625 3500 tur.
684 3435 724 3503 [n
756 3434 1074 3526 utrumque'pasiter
1107 3451 1140 3500 et
1169 3435 1204 3500 in
1235 3435 1342 3524 ipsum
1373 3435 1510 3502 maxime·
1540 3449 1542 3456 ’

563 3548 769 3618 Guilielmum
791 3548 924 3642 quadrat
946 3567 1033 3619 vetus
1055 3549 1153 3618 iilud:

628 3781 914 3802 ......
949 3734 1004 3800 hio
1025 3757 1142 3800 murus
1163 3735 1309 3800 aheneus
1330 3745 1417 3817 esto,
1476 3812 1481 3821 Ι

504 3885 518 3935 ,⁴
630 3853 693 3922 Nil
710 3858 856 3962 oonseire
876 3855 960 3939 sibi,
982 3826 1081 3923 veelle
1095 3854 1285 3942 pallescere
1306 3855 1419 3943 eume.

567 4025 633 4100 Sed
652 4029 752 4120 ipsam
772 4028 831 4098 u'n'
851 4030 1023 4100 orationem
1042 4050 1280 4096 memoremus..
1397 4101 1399 4110 ‚

607 4149 689 4218 Nam
716 4171 818 4238 quum
842 4151 968 4222 biennio
1001 4166 1073 4244 post
1106 4146 1242 4218 sedatam
1262 4149 1399 4239 priorem
1419 4149 1506 4218 iilam
