3408 5664
673 903 729 974 155

229 1104 251 1154 t>
273 1109 357 1154 versa
389 1078 474 1152 clade
500 1083 688 1176 reipublicae
720 1079 879 1150 excidium
916 1065 1175 1170 exspectandum.
1247 1079 1252 1090 '

229 1203 446 1277 »Consilium
491 1205 614 1298 cepistis
648 1229 713 1270 raon
750 1197 1006 1272 inconsideratius
1042 1195 1164 1280 solum,

229 1349 250 1391 >a
271 1323 325 1391 sed
348 1322 627 1408 terminandum,
674 1341 708 1390 ut
738 1347 775 1389 ex
806 1321 993 1414 sapientium
1024 1317 1167 1406 belloque

227 1446 507 1512 »exercitatorum
530 1444 661 1532 ingeniis
686 1443 865 1536 profectum
895 1441 948 1508 vix
981 1437 1066 1506 credi
1089 1461 1165 1530 pos-

227 1587 250 1630 s>
271 1565 320 1630 sit.
364 1561 489 1654 Quodsi
512 1562 702 1646 Danterta,
727 1559 813 1649 (nam
837 1559 1012 1628 difficillimi
1034 1555 1168 1624 subinde

225 1701 247 1748 >›
270 1699 397 1749 conatus
420 1681 567 1752 facillime
598 1681 823 1776 perficiuntur)
859 1679 908 1750 vel
937 1680 1075 1748 bostium
1105 1701 1164 1744 ne-

207 1776 248 1868 ,»
269 1801 435 1890 gligentid,
468 1802 515 1871 vel
546 1801 693 1892 singulari
725 1801 779 1870 Dei
809 1797 937 1888 (fundat
967 1797 1017 1864 ille
1046 1798 1167 1863 utinam

225 1946 247 1985 >r
268 1920 425 2012 hostch)
449 1921 604 1990 beneficio
623 1943 800 2012 arcanoque
823 1917 972 2001 consilio,
995 1915 1119 2018 redacta
1132 1918 1166 1981 in

224 2063 245 2104 »
268 2054 406 2106 nostram
430 2055 615 2132 potestatem
635 2037 814 2106 vindicetur
836 2037 947 2120 nobis,
971 2035 1089 2102 consilii
1116 2051 1164 2100 ta·

225 2143 247 2226 i>
269 2181 343 2224 men
363 2158 542 2225 auctoribus
560 2159 646 2244 justa
676 2158 815 2223 manebit
834 2156 999 2248 opprobrii
1029 2155 1165 2241 ignorari-

225 2303 246 2343 »
269 2278 402 2370 uiaeque
427 2301 554 2356 caussa,
577 2275 665 2368 quod
691 2278 807 2368 patriae
832 2277 971 2342 l'ortunas
993 2276 1027 2340 in
1050 2273 1164 2340 discri-

225 2421 247 2462 »
269 2419 343 2462 men
379 2398 565 2464 vocaverint.
632 2399 789 2467 Praestare
825 2393 975 2487 equidem
1010 2395 1167 2471 arbitror,

225 2539 246 2580 n
269 2514 395 2582 Clusam
420 2533 515 2584 castra
546 2517 686 2601 moveri,
709 2518 743 2616 in
765 2543 828 2608 qua
850 2513 1020 2584 obsidenda
1042 2532 1166 2582 etcum

224 2657 251 2700 >r
267 2635 388 2703 minore
426 2633 634 2704 sollicitudine
665 2653 697 2702 et
728 2634 873 2705 validiore
907 2637 1025 2702 radone
1059 2659 1163 2704 versa-

224 2777 245 2818 »
266 2754 380 2820 bimur.
426 2755 505 2820 Eam
534 2756 589 2822 ubi
617 2757 813 2848 ceperimus,
847 2754 949 2822 nullus
979 2757 1037 2821 erit
1066 2756 1162 2820 amit-

222 2896 244 2938 »
267 2869 381 2939 tendas
419 2890 541 2943 metus:
589 2900 655 2944 uon
685 2875 731 2942 ibi
763 2876 941 2968 requiretur
986 2877 1164 2968 equitatus,

221 2994 322 3084 »qui
356 2991 601 3088 populabundus
630 3019 688 3086 per
716 2997 915 3064 meantiaau
948 2993 1160 3082 divagabiturs

222 3137 243 3178 >›
266 3111 390 3179 hostiles
414 3116 560 3204 equitum
582 3131 698 3182 turmas
722 3115 848 3182 castellis
869 3115 1086 3203 cuniculisque
1107 3139 1161 3180 ar-

220 3233 424 3317 ambimus,
458 3235 654 3324 naribusque
687 3235 899 3325 Hispanorum
927 3234 1067 3301 actuariis
1098 3257 1161 3325 po-

218 3375 241 3417 »
264 3349 376 3416 tiemur
389 3399 401 3434 „
448 3367 549 3418 tutam
577 3350 759 3420 zelandiam
789 3353 1034 3445 praestabimus3
1082 3355 1162 3445 quin

221 3493 242 3534 s>
265 3471 415 3558 majoma
436 3468 511 3535 inde
535 3495 632 3561 quam
656 3495 695 3538 ex
724 3471 933 3538 nanta-tana
964 3470 1162 3564 expeditione
1193 3529 1200 3541 .

221 3613 242 3653 n
264 3588 391 3675 gloriam
414 3591 671 3680 comparabimus.
718 3591 775 3658 Sin
797 3591 925 3658 fortuni
946 3589 1160 3684 decipiemur,

121 3791 123 3798 y
219 3729 240 3772 »
263 3723 368 3774 tutum
399 3707 555 3796 refugium
589 3710 763 3801 Nyerbavia
798 3712 877 3795 erit,
910 3735 1006 3801 quam
1036 3713 1160 3778 munire

219 3850 241 3892 >a
262 3827 321 3893 sub
353 3827 491 3896 hostium
526 3847 696 3922 conspectu
740 3830 856 3899 licebit.
925 3831 993 3897 Hoc
1032 3854 1160 3922 quoqne

220 3973 240 4012 »
263 3946 418 4014 commodi
439 3948 515 4016 inde
540 3952 748 4042 percipiam,
772 3968 808 4018 ut
830 3951 863 4016 in
885 3947 1160 4018 foecundissimum

220 4090 242 4133 u
264 4066 425 4134 blandi-iae
450 4084 584 4138 tractum
618 4071 735 4139 bellum
773 4069 995 4155 transferatur,
1027 4091 1159 4160 suasque

218 4211 241 4251 a>
264 4185 412 4254 Albertus
434 4188 633 4280 provinciaS,
657 4215 694 4258 ex
718 4191 832 4282 quibus
858 4190 1032 4280 plurimum
1052 4188 1158 4254 luera-
