3408 5664
1026 955 1086 1020 180

523 1111 527 1129 ⁸
584 1127 656 1194 bric
677 1144 774 1218 atque
790 1127 963 1194 contemtui
986 1125 1102 1192 habere
1120 1124 1263 1194 solerent.
1307 1125 1527 1194 Delectabatur

584 1263 693 1313 contra
725 1270 835 1312 eorum
869 1245 1091 1329 familiaritate,
1126 1271 1206 1334 quos
1233 1270 1313 1338 pme
1340 1246 1456 1337 pieque
1483 1243 1524 1310 de

583 1366 731 1452 religione
761 1367 875 1430 sentire
903 1389 963 1430 usu
997 1381 1076 1430 esset
1108 1381 1276 1456 expertus:
1312 1363 1428 1430 borum
1457 1366 1521 1430 mi-

582 1487 710 1551 nisterio
737 1486 804 1565 uti,
828 1482 885 1550 bos
911 1480 951 1549 ad
983 1483 1117 1550 honores
1148 1482 1302 1564 evehere,
1331 1482 1389 1550 bos
1411 1484 1520 1568 singu-

580 1603 638 1669 lari
658 1602 866 1682 bcnivolentia
887 1619 919 1668 et
940 1627 1042 1670 amore
1063 1605 1213 1696 prosequi
1235 1602 1387 1697 placebat.
1429 1600 1522 1668 Haud

581 1724 698 1790 mirum
728 1747 819 1811 ergo,
858 1723 1096 1810 siJesuitarum
1131 1721 1236 1788 studia
1270 1738 1302 1788 et
1332 1740 1524 1789 aversaretur·

525 1887 533 1898 =
580 1859 613 1909 et
630 1844 863 1925 extimesceret,
887 1843 944 1933 qui
962 1841 1022 1909 hac
1041 1843 1226 1934 praesertim
1243 1857 1339 1908 aetate
1359 1839 1522 1908 doctrinae
1601 1911 1605 1926 ,

580 1984 656 2027 suae
690 1960 804 2052 placita
834 1963 965 2053 piasque
998 1959 1122 2026 fraudes
1146 1985 1204 2050 per
1227 1964 1351 2028 Batavas
1383 1963 1522 2047 reg'ones

580 2076 738 2164 divulgare
761 2081 977 2161 conabantur,
1009 2092 1040 2142 et
1061 2079 1347 2168 superstitiosorum
1380 2075 1521 2143 creduli·

580 2197 635 2262 tati
656 2196 696 2263 ad
716 2221 804 2262 suam
825 2195 1094 2283 magnitudinem,
1123 2193 1228 2287 adque
1249 2196 1352 2262 salutis
1375 2195 1521 2287 publicae

580 2317 755 2406 perniciem
767 2314 1003 2382 insidiabantur.
1020 2317 1060 2382 (¹)
1096 2315 1211 2382 Acrius
1228 2331 1333 2382 autem
1351 2341 1446 2407 quam
1458 2314 1518 2381 de-

579 2437 670 2504 cebat
678 2452 710 2502 et
719 2438 885 2504 animosius
894 2437 1161 2529 persequebatur,
1185 2437 1370 2528 quicunque
1383 2433 1520 2502 Arminii

578 2553 739 2623 doctrinm
748 2554 915 2635 favebantg
940 2572 1035 2643 atque
1053 2552 1131 2622 adeo
1149 2571 1280 2646 propter
1299 2553 1465 2622 metuenda
1481 2580 1520 2622 ex

577 2672 785 2742 invalescente
819 2699 930 2740 eorum
972 2697 1105 2740 numero
1135 2689 1167 2739 et
1203 2675 1384 2741 auctoritate
1420 2672 1519 2756 mala,

578 2807 736 2883 quantum
758 2810 901 2885 poterat,
924 2819 942 2858 a
964 2792 1100 2883 publicis
1114 2795 1297 2859 muneribus
1309 2795 1516 2882 areerijussit.

581 2908 665 2998 Erga'
675 2912 877 2978 Mennonitas
890 2935 963 2978 vero
975 2936 1040 2978 non
1059 2910 1168 2978 eodem
1182 2962 1192 2994 ,
1212 2937 1277 3003 quo
1295 2913 1518 3006 provinciales,

576 3032 681 3098 animo
712 3029 768 3098 scd
801 3031 902 3098 multo
920 3031 1038 3099 leniore
1058 3031 1231 3115 serebatur,
1266 3034 1308 3098 ita
1329 3031 1460 3126 quidem
1482 3049 1519 3099 ut

577 3176 680 3244 quum
701 3175 786 3218 anno
817 3151 900 3220 1607
925 3167 1023 3218 sectae
1047 3150 1127 3216 illius
1156 3150 1285 3218 studiosi
1318 3149 1358 3218 de
1384 3154 1434 3236 vi,
1456 3155 1517 3221 sibi

576 3295 712 3362 suaeque
742 3269 883 3356 religioni
904 3269 1005 3352 illata,
1028 3269 1068 3336 ad
1088 3268 1226 3338 Ordines
1242 3270 1410 3340 foederatos
1428 3275 1518 3365 queri

575 3393 774 3473 statuissent,
797 3415 814 3456 a
834 3389 1002 3458 Guilielmo
1026 3389 1135 3456 litteris
1159 3390 1420 3462 commendatitiis
1438 3417 1517 3458 mu-

576 3512 733 3578 nirentur.
758 3510 799 3579 (2)

616 3630 739 3697 Erimia
766 3645 892 3712 autem,
924 3653 1022 3720 quam
1051 3630 1085 3696 in
1117 3631 1286 3699 Guilielmo
1308 3630 1517 3716 laudavimus,

574 3771 647 3833 erga
665 3750 768 3814 Deum
794 3749 892 3838 pietas
914 3747 1055 3815 effectrix
1077 3764 1248 3816 ceterarum
1270 3752 1337 3837 ejus
1361 3752 1515 3818 virtutum

612 3980 653 4048 (r)
674 3977 812 4042 Rumina,
831 3995 861 4046 p.
879 3997 948 4049 229,
968 3980 1035 4044 230,
1055 3981 1116 4049 ²37·

610 4069 651 4137 (a)
671 4067 834 4122 Bruclrsrur.
868 4069 965 4122 Gercb.
994 4071 1045 4122 der
1072 4070 1227 4122 Kerklrerv.
1246 4072 1276 4122 r'n
1298 4074 1383 4122 Gron.
1409 4089 1436 4138 p.
1452 4071 1511 4124 353.

574 4157 747 4226 wegonem,
776 4156 796 4210 l.
824 4155 985 4212 XXXVII.
1015 4176 1042 4225 p.
1070 4157 1115 4210 25.
1148 4160 1281 4214 Aitaema.
1306 4163 1424 4215 Vredelr.
1444 4162 1511 4217 bd.

575 4245 686 4301 haurit.
704 4249 784 4302 Hist.
801 4249 851 4300 der
867 4250 992 4318 Reform.
1012 4248 1042 4300 Ρ.
1062 4249 1102 4302 ll·
1118 4266 1146 4317 p·
1166 4251 1234 4314 aod,
1253 4266 1314 4320 ²⁰7·
