3454 5658
659 863 703 934 ω
810 813 812 819 χ

211 1035 322 1125 Anna,
345 1039 580 1106 Arausionensis
598 1039 680 1125 fllia,
704 1041 828 1108 consilia
846 1041 987 1126 agitahtt.
1020 1013 1147 1130 Quam

208 1162 319 1226 obrem
346 1184 452 1227 mense
482 1141 637 1245 Octobri,
678 1185 816 1252 quuma
841 1159 912 1226 belli
934 1161 1063 1246 negotiis
1091 1183 1148 1225 ram

209 1296 311 1364 earet,
336 1280 489 1346 celebrare
514 1282 640 1373 nuptias
663 1283 813 1374 cupiens,
836 1295 961 1370 praeter
983 1295 1151 1364 cognatos,

206 1403 383 1492 p1ovinciae
414 1403 560 1467 Pruccres
595 1399 782 1490 militiaeque
803 1399 976 1493 praefectos
996 1398 1149 1464 invitavit.

205 1512 339 1585 Nolebat
370 1519 617 1605 magnificentiae
652 1519 866 1610 fretorumque
901 1519 1055 1583 sumtibus
1086 1514 1149 1583 hoo

204 1637 303 1705 alieno
324 1665 340 1704 a
361 1637 480 1725 gaudiis
504 1655 644 1730 tempore
666 1637 850 1724 indulgere,
884 1636 939 1702 sed
962 1661 1004 1702 ne
1028 1637 1147 1702 huma«

204 1759 309 1822 nitatis
328 1758 435 1824 officiis
455 1757 560 1823 deesse
578 1755 754 1840 videretur,
774 1759 859 1822 misit
880 1756 1019 1822 nobilem
1038 1779 1145 1848 quen-

203 1873 279 1940 dam
299 1875 339 1941 ad
364 1879 573 1960 Lieestrium,
596 1880 654 1970 qui
676 1877 850 1943 solennium
871 1878 1056 1968 participem
1074 1901 1149 1940 eum

204 2017 267 2059 esse
281 1997 429 2082 juberet,
451 1994 581 2062 adderet
602 2013 726 2079 tamen,
748 1995 835 2061 haud
866 1995 991 2062 moleste
1013 1997 1146 2063 Guber-

204 2131 345 2182 natorem
361 2115 519 2199 laturum,
542 2117 568 2180 si
589 2117 745 2200 ingratum
770 2113 914 2199 coelum,
934 2113 1064 2180 hiemale
1083 2112 1145 2178 fri·

202 2257 279 2320 gus,
302 2251 356 2300 aut
373 2235 526 2320 gratiores
539 2235 757 2326 occupationes
775 2252 926 2325 tanqrnm
943 2235 1062 2298 itineris
1080 2233 1148 2298 im«.

201 2351 382 2442 pedimenta
405 2370 588 2419 causaretur.
637 2356 769 2440 Legatus
799 2353 911 2440 Anglo·
929 2377 997 2420 rem
1020 2352 1148 2420 retulits

200 2497 239 2538 cx
271 2497 336 2562 que
367 2497 441 2541 mox
473 2471 589 2539 reduce
623 2473 810 2540 Guilielmus
841 2471 882 2538 de
913 2473 1056 2540 Licestrii
1082 2472 1143 2544 ad·-¹

200 2608 296 2658 ventu
319 2594 432 2658 certior
455 2592 577 2676 factus,
609 2594 738 2658 miratus
767 2617 956 2686 magnopere
980 2609 1035 2660 est.
1080 2591 1147 2660 Secl¹

200 2737 303 2805 quum
323 2712 372 2780 vel
390 2714 570 2779 invocatum
599 2714 728 2778 Frisium
756 2735 831 2777 eum
858 2715 1034 2805 petiturum
1053 2711 1146 2778 fuisse

199 2833 406 2923 comperiret,
438 2847 474 2896 ut
507 2849 678 2898 convocato
709 2835 877 2900 conventui
905 2831 946 2898 de
974 2835 1145 2926 improviso

198 2949 378 3031 interesset,
423 2949 595 3040 suspicatus
630 2947 846 3017 seditiosorum
878 2948 999 3034 studia,
1033 2949 1144 3016 litteris

199 3068 258 3132 sibi
282 3091 480 3134 commonere
501 3093 573 3136 eum
595 3071 770 3161 proposuit.
797 3074 837 3138 (1)
1183 3051 1185 3058 ¹

244 3188 283 3251 ln
316 3191 382 3276 ejus
409 3191 593 3254 sententiam
620 3206 733 3280 sponte
754 3191 856 3254 abiere
877 3189 1036 3274 Ordines,
1066 3191 1139 3283 pla-

201 3309 331 3397 cuitqne
360 3307 401 3373 ad
432 3309 620 3374 Licestrium
653 3309 701 3373 his
732 3310 835 3374 verbis
860 3307 910 3373 die
937 3309 975 3376 17
992 3312 1143 3376 Octobris

201 3429 357 3496 scribere:
404 3453 433 3493 >r
447 3429 560 3517 Quum
581 3429 752 3494 innotuerit
775 3429 886 3511 nobis,
915 3427 991 3495 velle
1012 3445 1059 3512 te,
1090 3429 1140 3499 Il«

202 3569 225 3611 s>¹
243 3544 423 3612 lustrissime
462 3549 636 3636 Princeps,
687 3571 789 3614 eorem
829 3547 924 3636 hujus
960 3548 1141 3641 provinciae
1202 3579 1204 3582 ·

201 3690 223 3730 >s
245 3683 365 3732 nostrae
400 3669 553 3732 rationem.
586 3666 765 3759 explorare,
799 3667 887 3759 quod
914 3671 982 3756 jam
1013 3668 1140 3736 dudum

200 3807 221 3852 >s
243 3789 476 3879 optaveramus,
499 3789 609 3874 gratias
626 3790 704 3872 tibi,
727 3815 790 3878 qua
805 3800 864 3880 per
884 3805 931 3856 est
951 3793 1140 3874 reverentia,

236 4073 276 4141 (ι)
301 4071 369 4134 Bor,
399 4071 407 4120 Ι
439 4073 456 4124 l.
476 4093 501 4142 p.
519 4073 560 4143 73.
586 4049 712 4135 molem,
739 4075 773 4126 ab
798 4051 961 4126 Hollnndiee
981 4074 1138 4144 Frisiaeque'

198 4159 350 4214 Ordinibus
369 4179 482 4231 sponsae
500 4164 606 4231 obluta,
628 4172 787 4235 ceterosque
805 4165 922 4217 honores
943 4165 1036 4218 refero
1134 4197 1136 4201 ν
