3408 5664
1023 1103 1065 1172 88

554 1300 681 1363 'agrurn
704 1299 901 1370 progressus,
935 1276 1117 1366 Verdugoni
1137 1278 1244 1346 obvius
1268 1279 1307 1344 fit
1320 1306 1333 1362 3-
1368 1279 1512 1365 sonjuu-

571 1413 652 1484 gunt
663 1399 815 1466 exercitus
826 1421 915 1482 snos,
936 1421 1035 1489 quos,
1054 1399 1234 1466 recensione
1251 1397 1348 1481 freta,
1368 1399 1512 1488 quinquo

532 1578 537 1588 .
572 1513 717 1606 peditum
739 1517 896 1601 millibus,
915 1517 999 1584 rnille
1011 1515 1248 1608 quadringentis
1259 1519 1418 1610 equitibus
1431 1541 1512 1584 oon-

572 1649 652 1700 stare
673 1652 770 1726 patet.
815 1639 904 1708 Tum
927 1638 1032 1705 subito
1055 1653 1176 1703 mutato
1194 1637 1344 1721 consilio,
1365 1634 1514 1702 dirimere

571 1754 692 1840 agmina
726 1755 867 1847 placuit,
900 1755 1047 1848 dumque
1082 1759 1243 1842 Bergensis
1274 1759 1310 1823 iu
1356 1753 1513 1848 capiendo

573 1872 776 1945 Adoardiano
806 1875 930 1946 castello
964 1873 1082 1946 diutius
1090 1889 1107 1960 ‚'
1135 1877 1245 1966 quam¹
1263 1875 1323 1944 lo'ei
1345 1873 1514 1941 infirmitas

571 2009 733 2088 pateretur
744 2000 771 2078 ,'
788 1996 988 2079 versabatur,
1021 1993 1171 2082 vaningo
1195 1993 1392 2062 Sloehtersm
1411 1993 1513 2060 oseni-

571 2113 681 2206 pavit‚
715 2108 792 2182 indo
822 2113 1047 2185 Winsohotam
1074 2129 1108 2179 et
1138 2111 1320 2195 wadnam,
1350 2109 1515 2182 trucidatis

569 2229 751 2324 praesidiis,
782 2233 820 2298 in
851 2248 1037 2323 potestatem
1061 2256 1153 2300 ruam
1174 2231 1304 2321 redegit.
1347 2233 1513 2300 Diverte‘ns

572 2347 664 2432 inde,
686 2352 815 2418 ineunte
833 2351 1031 2441 Septembri,
1047 2354 1082 2420 in
1093 2349 1281 2420 Drenthiam
1292 2377 1366 2424 oum
1381 2353 1515 2418 maxima

573 2470 736 2561 copiarum
753 2485 860 2562 parte,
879 2473 994 2540 certior
1012 2470 1128 2555 fuctus,
1148 2467 1355 2538 Guilielmum
1369 2469 1516 2540 Tolherti

578 2586 657 2675 (non
679 2587 793 2683 procul
826 2592 992 2680 Groninga
1019 2591 1055 2658 in
1087 2588 1305 2660 Fredewoldiis
1333 2592 1430 2656 situm
1456 2589 1516 2680 est)

576 2725 673 2774 castra
702 2712 836 2801 metari,
864 2733 904 2784 eo
926 2713 994 2802 ipse
1014 2734 1145 2806 quoque
1164 2710 1271 2777 subito
1294 2706 1399 2776 tendit
1408 2718 1425 2790 ,¹
1451 2710 1518 2778 fore

578 2851 731 2920 sperans,
761 2844 818 2918 ut,
850 2830 950 2920 copiis
964 2832 1127 2922 superior,
1157 2827 1206 2896 vel
1226 2829 1388 2896 commissi
1407 2827 1517 2920 pugni

574 2969 649 3013 eum
683 2943 851 3034 desinont,
884 2945 932 3024 uel
967 2963 1081 3042 sponte
1109 2950 1145 3014 in
1171 2947 1278 3036 fugam
1296 2961 1407 3014 vertat.
1451 2945 1518 3016 Sed

576 3063 664 3132 haud
696 3047 820 3152 ignaru
843 3066 911 3154 ejus
937 3065 1058 3138 consilii
1080 3064 1285 3148 Guilielmus,
1313 3087 1416 3156 quum
1437 3063 1517 3131 vali-

576 3181 683 3251 dio1es
697 3186 771 3272 ejus
787 3186 867 3254 eires
886 3188 1066 3279 acciperet,
1092 3212 1112 3253 a
1132 3188 1304 3259 temeritate
1325 3184 1461 3268 alienus,
1482 3186 1520 3252 in

577 3305 691 3371 tutiora
723 3303 790 3371 loeo
817 3306 906 3374 abire
919 3322 962 3371 ‘et
989 3307 1105 3373 evitare
1125 3304 1198 3372 belli
1219 3305 1285 3373 vim
1300 3303 1434 3372 volebat
1468 3305 1520 3370 Ibi

578 3445 682 3511 quntn
704 3421 868 3490 Ordinum
895 3421 1077 3514 Delegatos,
1099 3426 1157 3516 qui
1178 3422 1308 3490 aderant
1337 3425 1380 3489 in‘
1395 3424 1519 3507 castris,

577 3558 615 3606 ut
648 3540 832 3629 adjuvarent
854 3569 929 3612 eum
950 3568 1009 3637 ope
1033 3557 1065 3610 at
1089 3543 1239 3627 oonsilio,
1262 3543 1418 3610 eontraria
1441 3547 1519 3609 s'e'n·

578 3663 636 3726 tire
667 3661 873 3748 intelligeret,
913 3679 947 3729 et
980 3663 1095 3732 frustra
1127 3685 1178 3730 eos
1211 3663 1401 3746 monuisset,
1434 3659 1521 3728 riade

579 3781 730 3870 accepti,
753 3779 952 3852 fertilissimos
977 3787 1144 3870 Ostsrgoae
1167 3797 1199 3848 et
1216 3781 1414 3868 Westergose
1433 3793 1523 3868 agros

461 3903 464 3908 ’
579 3895 717 3964 hostium
752 3900 874 3987 injmiirt
916 3902 1066 3968 obnoxios
1097 3901 1182 3985 inre,
1217 3898 1366 3984 tandem,
1401 3923 1520 3991 uage,

579 4043 601 4082 s>
620 4017 743 4106 inquit,
761 4019 813 4083 hta
832 4019 912 4084 belli
928 4021 1038 4085 aleam
1057 4021 1287 4110 experiamur,
1305 4019 1518 4108 quondoqui-

580 4162 601 4204 u
622 4136 694 4202 dem
713 4137 753 4202 id
767 4139 856 4204 vobis
875 4139 1073 4227 erepubls'ra
1085 4149 1117 4208 et
1132 4139 1381 4220 foederatorum
1400 4139 1518 4229 digm-

580 4280 601 4320 »
624 4265 694 4320 tate
716 4279 757 4321 aa
773 4258 890 4346 gloria
911 4279 981 4324 erse
1001 4257 1142 4324 videtur.
1186 4255 1282 4324 Dabo
1303 4279 1459 4346 operam,
1483 4268 1522 4322 ur

579 4377 828 4466 »exploratum
862 4397 971 4442 omnes
999 4377 1161 4460 habeant,
1197 4398 1263 4441 non
1296 4375 1337 4442 de
1367 4399 1437 4441 meo
1470 4399 1522 4440 me
