3408 5664
617 833 676 904 113

172 1007 338 1102 nuditatis,
364 1035 444 1103 qum
468 1012 584 1102 optima
604 1023 745 1102 poterat,
781 1010 930 1092 consiliis,
967 1009 1006 1076 ad
1042 1025 1111 1078 suc't

168 1128 273 1192 atatim
305 1125 406 1195 rediit.
469 1130 544 1194 Mox
582 1153 655 1194 cum
696 1129 844 1194 Mauritio
877 1127 1122 1208 Gor-chemum,'

171 1269 239 1336 quo
269 1249 354 1333 llagd
385 1247 515 1314 Comitis
545 1263 754 1315 convenerant
773 1245 923 1314 'Ordines
945 1244 1113 1334 foederati,

166 1367 287 1434 accitus
310 1383 365 1434 est.
411 1367 460 1432 Ibi
489 1367 584 1432 multa
611 1365 841 1434 disserebantur
869 1365 910 1433 de
935 1367 1116 1454 ingentibus

164 1489 344 1570 sumtibus,
369 1509 447 1578 quus
469 1485 523 1554 hic
547 1511 648 1552 annus
671 1487 879 1571 absumeret,
913 1485 1111 1556 minuendis*

172 1629 235 1695 que
256 1608 289 1671 in
310 1607 510 1700 proximum,
534 1603 574 1671 de
598 1607 694 1700 copiis
718 1607 751 1672 in
774 1607 906 1674 hiberna
928 1608 1032 1674 statim
1054 1631 1111 1674 cob

165 1721 299 1810 geudis,
323 1724 467 1816 belloque
489 1727 522 1790 in
543 1725 682 1793 suturam
701 1742 845 1793 aestatem
863 1725 1009 1816 gerenda
1049 1725 1113 1794 Sed

169 1860 406 1936 praematurum
438 1846 558 1912 censuit
587 1843 628 1912 de
656 1844 853 1914 dimittendis
883 1849 978 1938 copiis
1007 1848 1111 1916 consi»

170 1960 248 2029 lium
283 1965 473 2047 Mauritius,
499 1979 678 2058 auctorque
710 1964 771 2032 fuit
799 1983 836 2032 ut
863 1963 1056 2058 aliquamdiu
1081 1966 1113 2031 in
1213 1962 1231 2059 ¹¹

166 2083 279 2150 castris
295 2099 474 2166 manerent,
492 2099 734 2176 prospecturae,
754 2087 778 2150 si
796 2083 876 2176 quid
891 2083 1001 2152 hostile
1013 2085 1113 2153 Men-

166 2199 244 2268 dosa
268 2219 497 2293 exsequeretur.
543 2203 650 2290 Erga,
669 2219 802 2270 exeunte
820 2200 950 2270 demum
971 2203 1111 2270 Novem·-

169 2321 242 2407 brt,
294 2338 463 2414 postquam
489 2338 650 2390 exstructa
683 2321 722 2388 ad
757 2323 862 2390 Rheni
893 2324 975 2415 ripas
1002 2323 1112 2388 muni·

169 2459 278 2508 menta
313 2458 421 2526 erant,
455 2441 585 2509 hiemale
617 2444 716 2509 otium
748 2441 897 2510 militibus
923 2463 1113 2510 mucessum.

171 2560 360 2627 Guih'elmus
392 2557 443 2626 die
478 2563 518 2630 29
549 2563 729 2630 Decembris
763 2559 966 2629 Leovardiam
990 2558 1089 2627 redux
1097 2596 1112 2642 ·,

170 2678 338 2768 magnifice
370 2705 386 2744 a
419 2681 538 2746 civibus
569 2697 720 2774 exceptus
751 2698 816 2765 est,
852 2681 963 2772 quiin
986 2701 1128 2764 tarum,¹

169 2799 431 2890 praestantissime
468 2799 512 2864 ab
544 2801 613 2892 ipso
653 2817 824 2888 gestartuu,
872 2801 1024 2870 honorem
1057 2795 1113 2866 diu

169 2915 374 3008 multumque
397 2919 559 2986 tormentis
581 2892 763 2988 salutariam.
780 2919 821 2990 (¹)

216 3035 364 3104 Eundem
389 3061 461 3105 vem
487 3039 575 3106 initio
603 3041 679 3106 anni
710 3041 793 3110 1600
824 3060 929 3127 graves
961 3039 1111 3107 molestiae

168 3157 359 3224 afflixerunt.
409 3159 491 3223 Nam
517 3159 713 3246 Groningani
742 3175 773 3224 ct
798 3158 938 3242 accolae,
973 3159 1113 3249 quamvis

171 3271 348 3340 dissidendi
382 3273 487 3341 iecisse
520 3273 618 3340 linem
650 3273 854 3358 viderentur,
888 3294 991 3344 tamen
1022 3274 1112 3344 diasir-

168 3391 291 3459 mulato
310 3389 383 3460 odio
403 3410 560 3476 arserant,
580 3393 668 3486 quod
689 3419 776 3462 nunc
794 3395 927 3467 maxime
943 3397 978 3462 in
1001 3394 1112 3488 putata

169 3529 355 3580 cosmatus
385 3513 579 3607 erumpebat.
632 3512 811 3623 Accedebat
835 3516 966 3584 ciuitatis
989 3515 1022 3580 in
1052 3537 1112 3580 nc*
1192 3531 1199 3545 ·

175 3677 442 3766 Conra'Mauririo,
466 3699 578 3769 uffincb'
602 3701 658 3770 egli
678 3714 845 3770 procuras-re
873 3703 903 3754 cti
925 3703 1063 3774 comporvt'
1086 3705 1114 3757 ἐκ

170 3789 298 3860 qualche
324 3791 496 3843 uramenta
517 3789 737 3854 ‹tiasenu'oat,0
762 3793 791 3844 di
816 3793 970 3846 rimetrervi
994 3791 1113 3864 qualche

175 3879 291 3948 meglior
307 3879 468 3948 disciplina·
503 3881 554 3931 Ma
566 3897 637 3948 poco
656 3881 813 3950 giavarona
834 3884 844 3931 i
864 3883 927 3934 suoi
937 3883 1115 3953 murreggi.*
1205 3922 1211 3933 .

174 3966 366 4033 umbratilia,
387 3967 416 4020 P.
436 3967 491 4022 lli.
513 3969 532 4020 l.
554 3965 591 4020 V.
610 3987 638 4035 p.
656 3971 718 4038 490.
753 3970 788 4022 cs.
823 3969 916 4040 lteyd,
936 3971 953 4022 Ι.
971 3973 992 4022 1.
1011 3988 1037 4038 p.
1054 3971 1114 4040 579.

155 4055 238 4131 ⁸385.
256 4069 336 4126 fleqq.
372 4055 445 4118 Bor,
464 4053 484 4107 l.
503 4053 649 4112 XXXVI·
667 4077 694 4127 p.
713 4057 753 4116 55.
772 4075 849 4128 seqq.

175 4158 181 4169 '
209 4145 252 4221 (t)
275 4143 459 4212 wimannus,
480 4144 499 4198 l.
519 4144 538 4197 Ι.
556 4163 584 4212 p.
599 4145 667 4200 816.
