3454 5658
1022 801 1059 868 18

568 973 714 1062 signidem
736 974 885 1057 cuidam,
910 973 1013 1066 pridie
1036 999 1054 1040 e
1079 994 1199 1040 carcere
1224 974 1430 1058 Groningano
1452 964 1507 1038 di·

568 1097 684 1180 misso,
716 1093 857 1183 ejusdem
886 1094 970 1181 globi
1001 1097 1136 1186 impetus
1172 1094 1267 1160 vitam
1298 1092 1436 1159 abstulit.
1464 1093 1506 1158 (¹)

568 1215 614 1281 Ar
631 1215 824 1304 Hebenlojus
842 1232 913 1307 post
930 1213 1061 1280 biduum
1078 1215 1346 1305 oppugnationem
1361 1209 1509 1279 Covordii

566 1357 670 1402 arcem
689 1332 730 1398 ad
752 1332 944 1400 deditionem
966 1332 1136 1424 compulit,
1161 1346 1192 1396 ct
1212 1333 1327 1418 majora
1353 1353 1506 1396 consecu-

572 1469 622 1518 tus
646 1453 776 1535 suisset,
800 1455 860 1518 nisi
883 1451 1103 1544 imprudenter
1126 1453 1275 1541 bipartito
1299 1452 1401 1540 copias
1420 1448 1506 1516 divis

566 1575 666 1639 sisset.
712 1571 854 1658 Anglicis
877 1574 963 1638 enirn
991 1571 1171 1638 cohortibus
1204 1561 1337 1656 Linganr
1366 1567 1506 1654 digredi*

565 1693 712 1774 entibus,
734 1694 801 1783 ipse
822 1717 896 1758 cum
914 1693 1023 1758 ceteris
1044 1690 1203 1760 Weddarn
1220 1688 1403 1773 contendit,
1422 1688 1509 1756 unde

565 1809 673 1876 relicta
692 1812 808 1878 iterum
827 1813 988 1903 copiarum
1007 1827 1096 1903 parte
1115 1811 1308 1878 Slocbteram
1329 1833 1361 1876 se
1378 1811 1507 1900 recepit.

566 1931 820 2018 Rennebergius,
842 1934 898 1998 ubi
920 1930 1070 1998 divisione
1088 1929 1259 1998 debilitates
1277 1933 1344 2019 ejus
1362 1931 1440 1998 vires
1451 1927 1506 1996 'ti-

565 2045 679 2132 dcbat,
700 2051 852 2118 continuo
872 2073 946 2142 eum
967 2075 1122 2138 aggressus
1143 2068 1207 2132 est,
1230 2073 1330 2141 coque
1348 2049 1507 2140 perpulit,

566 2185 603 2235 nt
622 2169 771 2238 recedens
790 2173 824 2236 in
837 2173 1036 2238 Bortanianas
1048 2168 1197 2261 paludes,
1216 2169 1335 2261 proelio
1347 2170 1510 2236 commisso

566 2291 693 2354 tristem*
713 2287 834 2356 cladem
861 2290 990 2357 subiret.
1032 2292 1121 2354 Turn
1144 2286 1356 2372 Covordium,
1381 2285 1506 2354 Olden-

566 2407 657 2493 satia,
676 2408 904 2492 Othmarsum,
925 2406 1045 2498 aliaque
1063 2404 1179 2498 oppida
1197 2407 1232 2470 in
1249 2429 1358 2472 manus
1371 2404 1508 2470 hostium

564 2526 739 2594 ¹redierunt.
783 2529 895 2619 Neque
919 2549 993 2594 vero
1015 2526 1198 2594 Guilielmus
1220 2527 1276 2592 etsi
1299 2526 1397 2593 cruris
1415 2523 1507 2592 dolo-

565 2647 655 2711 ribus
677 2646 781 2714 adhuc
803 2648 930 2736 Campis
950 2646 1122 2728 laboraret,
1145 2672 1163 2712 a
1184 2648 1245 2712 suis
1266 2647 1405 2710 animum
1416 2668 1506 2710 aver-

566 2765 676 2850 tebat3
707 2787 816 2832 omnes
844 2766 1004 2856 copiarum
1035 2782 1137 2832 motus
1172 2766 1355 2857 exquirebat
1384 2763 1509 2849 sedulo,

566 2899 662 2972 atque
693 2885 750 2949 ubi
780 2881 944 2974 dissipatas
974 2882 1055 2950 duce
1086 2883 1240 2950 Caulierio
1271 2882 1412 2950 cohortes
1442 2907 1510 2950 suas

565 2998 620 3066 die
641 3005 661 3068 8
685 3002 880 3093 Septembris
902 3019 1120 3088 cognosceret,
1146 3027 1203 3093 per
1223 3003 1337 3069 litteras
1358 3028 1374 3067 a
1399 3001 1509 3069 foede·

569 3123 611 3186 ris
648 3121 765 3208 legatis,
786 3122 894 3190 auxilia
925 3124 1051 3208 rogarit.
1117 3123 1227 3190 Hostes
1260 3146 1406 3214 prospere
1442 3147 1509 3206 rem

566 3259 727 3326 gerentes,
762 3239 882 3328 longius
916 3241 1155 3335 procedebant3
1197 3242 1334 3310 Suollam
1370 3242 1510 3309 obsidere

571 3360 613 3424 ob
656 3361 794 3428 militurn
833 3363 974 3452 inopiam
1013 3386 1079 3428 non
1127 3385 1215 3426 aruns
1258 3361 1510 3446 Reunebergius,

569 3475 779 3542 Dotocomum
804 3481 956 3561 tentavit,
981 3478 1035 3544 sed
1057 3480 1208 3546 obstinata
1229 3481 1420 3546 obsessorum
1441 3481 1509 3545 vir-

570 3613 619 3662 tus
640 3596 799 3664 discedere
819 3621 892 3664 eunt
914 3602 1024 3685 co'egit.
1069 3599 1148 3666 Inde
1179 3600 1230 3666 die
1261 3604 1281 3668 8
1311 3605 1385 3668 Oct.
1414 3618 1512 3668 castra

571 3717 775 3786 Stenovicum
806 3721 925 3802 movit,
956 3743 1013 3810 spe
1043 3719 1155 3810 plenus
1183 3720 1249 3788 sore
1270 3737 1306 3786 ut
1327 3722 1384 3786 sibi
1410 3722 1511 3803 cives,

562 3847 852 3872 h——a-——n

605 3915 647 3982 (ι)
668 3914 805 3980 stamius,
830 3935 858 3984 p.
876 3918 916 3970 35.
958 3919 1106 3990 Fresinga,
1130 3940 1157 3988 p.
1180 3921 1240 3973 225.
1280 3919 1342 3972 Van
1363 3919 1508 3979 Metetcn,

572 3999 594 4052 l.
612 4001 632 4051 Ι.
649 4021 677 4068 p.
695 4004 754 4072 399.
805 4003 880 4067 Bor,
914 4005 933 4061 Ι.
963 4009 982 4059 Ι.
1010 4027 1037 4075 p.
1071 4026 1129 4064 παι.
1181 4011 1276 4077 Rcyd,
1311 4011 1330 4060 l.
1360 4009 1379 4060 Ι.
1411 4029 1437 4076 p.
1466 4009 1509 4060 50.

566 4089 676 4156 Roob,
696 4093 714 4144 Ι.
734 4092 832 4146 xvn.
851 4113 879 4160 p.
896 4111 957 4165 707.
991 4097 1175 4162 Winscmins,
1195 4097 1214 4149 l.
1233 4098 1250 4148 Ι.
1273 4116 1301 4164 p.
1321 4100 1380 4166 678.
