3454 5658
1000 804 1042 870 20

553 975 770 1044 Gube1·natore
789 973 940 1059 uesnd03
974 983 1053 1040 nam'
1067 997 1140 1041 cum
1158 972 1389 1042 Amhemenses
1404 975 1491 1042 Gui-

551 1095 694 1164 lielmum·
713 1093 911 1164 Ludovieum
941 1109 1146 1185 exoptarent,
1175 1096 1214 1162 (¹)
1249 1096 1344 1162 ceteri
1363 1118 1492 1171 omnes,

553 1216 669 1303 quibus
690 1239 806 1282 nomen
826 1215 1004 1282 Nassavium
1023 1214 1159 1280 invisum
1178 1230 1262 1296 erat,
1283 1214 1378 1279 alium
1396 1238 1491 1307 prae-

552 1333 705 1400 ferebant.
748 1334 830 1399 Iuita
861 1330 984 1402 consilia
1012 1357 1030 1397 a
1061 1330 1182 1400 Gelriae
1212 1328 1389 1398 Ordinibus
1419 1354 1493 1396 eum

554 1451 796 1535 lundonensi,
818 1467 852 1518 et
876 1451 1242 1538 commissa'gubernatio
1265 1450 1381 1517 Comiti
1405 1450 1492 1517 Gui-

553 1569 657 1638 lielmo
679 1571 844 1658 Bergensi,
880 1572 970 1657 cujus
998 1593 1071 1636 mox
1101 1570 1205 1661 patuit
1229 1585 1260 1634 et
1279 1569 1441 1654 ingenium
1461 1581 1493 1631 et

553 1687 745 1757 voluntatem
778 1689 956 1779 provinciae
988 1685 1159 1756 commodis
1198 1687 1329 1754 obstam.
1385 1689 1493 1777 Quare

552 1806 721 1874 subtimide
743 1832 817 1890 eum
844 1808 1099 1889 Arausionensis,
1130 1830 1189 1872 nec
1217 1808 1276 1872 uisi
1310 1806 1493 1894 urgentibus

554 1925 672 2014 Gelris,
697 1923 1022 1994 commendaremus
1038 1939 1112 1990 erat.
1156 1907 1374 2010 Rennebesgio
1391 1939 1494 1998 aulem

555 2062 679 2112 mortuo
703 2030 893 2110 'Funciscus
917 2041 1084 2128 Veulugo‚
1107 2040 1235 2109 infimae
1250 2043 1357 2135 *plebis
1378 2042 1494 2124 hom0,

555 2187 749 2231 suceessora
772 2163 932 2232 Parmensi
963 2159 1076 2246 datus,
1109 2163 1159 2227 oui
1191 2162 1290 2228 aerius
1313 2153 1493 2248 ingenium,

555 2284 719 2374 majorque
745 2280 884 2347 militaris
914 2281 987 2346 amis
1016 2280 1148 2369 peritia,
1170 2277 1256 2346 idem
1285 2305 1359 2348 vero
1383 2282 1492 2373 impu-

555 2424 608 2466 rus
629 2401 760 2466 animus.
813 2401 892 2468 Novi
924 2401 1063 2466 muneris
1096 2401 1221 2468 initium
1247 2400 1323 2468 fecit
1345 2389 1398 2470 m)
1412 2403 1493 2470 Sex-

461 2601 463 2608 !
557 2519 603 2586 tili
617 2517 811 2611 'oocupandi
835 2517 956 2602 lueida,
979 2517 1067 2610 quod
1091 2518 1247 2611 oppidum
1267 2536 1314 2586 est
1327 2517 1372 2592 ,nd
1391 2520 1492 2588 Ama—

558 2664 649 2721 sum,
684 2661 702 2704 e
732 2639 857 2724 regione
887 2634 1007 2704 Emdae
1040 2638 1144 2704 situm.
1204 2636 1285 2708 Inde
1316 2657 1494 2731 persecutus

557 2759 738 2838 Nunnium,
766 2757 925 2845 equitibus
946 2773 1093 2841 auctum,
1117 2780 1195 2848 quos
1214 2757 1399 2826 Guilielmus
1428 2757 1492 2826 du-

557 2879 670 2962 eebat,
710 2878 824 2946 ueniter
849 2901 928 2944 oum
960 2900 997 2943 eo
1024 2874 1064 2941 ad
1088 2876 1311 2944 Northonnam
1331 2881 1395 2946 acie
1414 2904 1494 2946 cona
1572 2936 1574 2940 ,

559 2997 649 3062 flixit.
705 2997 848 3062 Primum
876 2995 977 3063 fuvere
1006 2991 1168 3063 ordinum
1191 2997 1307 3088 copiis,
1339 2995 1413 3064 dein
1434 2996 1494 3064 ad-

560 3117 673 3184 versari
703 3114 830 3182 fortuna
852 3116 975 3206 coepit3
1009 3137 1146 3205 namque
1170 3112 1285 3184 educto
1310 3117 1345 3182 in
1375 3117 1496 3186 hostem

561 3235 721 3324 equata,
744 3234 833 3327 rupit
854 3234 1002 3300 continuo
1019 3234 1116 3300 aciem
1139 3233 1343 3320 Guilelmus,
1367 3262 1402 3304 ne
1425 3237 1494 3306 lor-

561 3357 633 3420 titer
652 3355 802 3439 fugientes
825 3368 1005 3445 persecutus
1027 3367 1084 3419 est.
1128 3354 1199 3445 lpse
1229 3368 1332 3419 tumen
1353 3357 1497 3447 quinque
1593 3387 1595 3406 ·

555 3469 725 3558 glandibus
745 3471 899 3562 plumbeis
929 3473 1066 3563 petitus,
1090 3497 1107 3538 a
1132 3495 1265 3560 quarum
1295 3474 1361 3538 ictu
1387 3459 1496 3542 lmicae

557 3588 712 3681 praesidio
728 3588 827 3656 salvus
846 3591 955 3658 evasit:
982 3613 1072 3657 omre
1090 3615 1218 3682 quoque
1234 3589 1378 3678 glandem
1397 3617 1493 3661 exoe÷

560 3710 626 3798 pit,
645 3704 699 3772 secl
714 3707 881 3774 innoxiam.
925 3707 1135 3800 Aliquantum
1149 3710 1213 3776 viae
1226 3728 1406 3802 persecutus
1415 3712 1492 3780 hos-

561 3843 644 3907 tem,
658 3848 758 3914 quum
768 3828 934 3916 suspiceret
945 3827 1043 3912 forte,
1057 3829 1207 3917 seliquam
1217 3827 1363 3918 loedemti
1372 3835 1493 3900 exerci-

596 4076 636 4145 (¹)
656 4073 748 4142 R‘lds
766 4091 793 4140 P·
812 4094 853 4146 ²9·
