3454 5658
776 875 832 926 xttt

328 1035 384 1124 qni
414 1055 558 1124 unquam
589 1031 751 1118 mortales,
775 1057 831 1120 ego
851 1051 883 1100 et
903 1032 1044 1124 aequales
1066 1035 1126 1099 mei
1150 1049 1273 1098 utram·-

329 1177 392 1245 que
427 1153 586 1221 fortunam
620 1155 653 1220 in
685 1155 796 1222 caussis
829 1152 964 1246 politicis
999 1155 1119 1246 experti
1157 1175 1273 1218 sumus.

332 1275 514 1342 Universum
550 1273 647 1340 ferme
680 1275 840 1367 Europam
867 1272 1001 1342 vidimus
1030 1275 1190 1342 communi
1220 1289 1274 1364 ty-

330 1391 462 1460 rannide
496 1395 636 1488 opprimi
659 1409 754 1484 etque
784 1394 964 1478 exhauriri,
987 1417 1059 1462 mox
1090 1392 1216 1462 liberari
1238 1393 1274 1458 eb

330 1528 423 1602 atque
447 1511 487 1578 ad
509 1515 674 1607 pristinam
699 1513 876 1582 libertatem
896 1540 931 1584 ac
956 1515 1195 1607 prosperitatem
1221 1536 1288 1582 1·e·.

331 1631 408 1700 dire.
456 1635 510 1700 Tu
537 1632 589 1702 illo
613 1650 754 1727 tempore
783 1631 937 1718 nondum,
957 1650 1048 1700 natus
1075 1657 1165 1720 eras3
1200 1629 1277 1716 sed,

333 1751 420 1844 qnod
449 1755 582 1847 patriam
613 1755 745 1838 attinet,
791 1751 895 1823 vidisti
927 1771 963 1820 tu
994 1777 1138 1837 mecum,
1184 1775 1280 1820 unam

332 1871 414 1940 hano
451 1874 486 1940 in
520 1874 648 1966 Europa
683 1889 799 1940 tetram
834 1873 946 1957 fuisse,
993 1897 1074 1965 quae
1102 1873 1193 1965 parts
1228 1870 1280 1944 ills

332 1994 493 2060 communi
517 1995 659 2064 omnium
690 1991 833 2060 libertate
867 1994 914 2060 nti
942 1995 1045 2060 sciret.
1091 1993 1130 2058 In
1155 1991 1281 2058 caeteris

333 2112 512 2197 regionibus
544 2109 675 2204 populi,
710 2111 745 2176 in
780 2111 889 2180 vicinis
917 2111 1132 2202 proximisque
1161 2125 1282 2176 nostrae

333 2231 534 2322 praesertim,
558 2229 735 2296 libertatem
761 2253 836 2297 curn
862 2227 987 2298 licentia
1020 2227 1283 2310 confundebant,

335 2367 371 2417 ut
394 2373 515 2418 summa
543 2350 612 2416 imis
631 2349 848 2416 miscerentur.
893 2349 958 2416 Nos
980 2371 1053 2418 vero
1072 2345 1283 2442 prudentius:

335 2492 487 2538 novarum
509 2491 616 2536 rerum
640 2492 705 2536 non
721 2491 843 2534 eramus
866 2464 998 2559 cupidi,
1024 2492 1097 2536 curn
1109 2484 1285 2562 praesentes

342 2591 433 2660 nobis
461 2590 532 2656 satis
556 2613 588 2656 se
612 2591 694 2656 bene
727 2587 844 2656 habere
868 2586 1073 2656 viderentur:
1105 2588 1302 2684 fruebamur¹

340 2711 435 2797 igitur
461 2707 633 2802 tranquillo
656 2723 807 2801 gratoque
827 2709 955 2794 animo,
980 2709 1097 2800 quibus
1122 2710 1205 2776 Deus
1232 2733 1288 2776 nos

342 2831 506 2913 beaverat,
536 2825 721 2914 beneficiis3
758 2827 813 2897 sed
843 2827 941 2896 iidem
970 2853 1046 2914 nos,
1082 2853 1186 2919 quum
1220 2845 1290 2896 tuto

342 2950 377 3016 iis
402 2948 465 3016 frui
489 2945 576 3015 haud
601 2947 718 3017 diutius
748 2948 877 3034 liceret,
924 2973 1025 3041 quum
1047 2947 1290 3038 aggrederentur
1362 2939 1365 2950 ’

342 3085 436 3136 terras
461 3085 579 3137 nostras
601 3066 747 3162 undique
765 3067 1007 3162 profligatorum
1029 3067 1290 3162 deperditorum-

347 3211 411 3278 que
436 3188 603 3258 bominum
625 3191 757 3273 turbae,
781 3213 883 3279 quum
906 3183 1043 3255 noemam
1064 3189 1098 3254 in
1119 3189 1293 3278 perniciem

344 3323 428 3375 totus
443 3307 551 3394 agitari
578 3308 663 3376 orbis
684 3305 863 3394 videretur,
888 3323 958 3374 turn
979 3329 1053 3376 vero
1073 3331 1139 3376 nou
1162 3308 1292 3400 requie·

348 3427 469 3510 vimus,
504 3424 559 3494 aed
592 3423 870 3496 demonstravimus
892 3427 1060 3520 Europae,
1091 3442 1128 3493 ut
1155 3425 1295 3494 fecerant

350 3563 421 3614 aute
450 3546 524 3614 bina
557 3545 633 3616 baec
656 3548 752 3618 triave
776 3546 894 3618 saecula
924 3549 1032 3640 proavi
1063 3549 1182 3635 nostri,
1215 3545 1296 3640 quid

350 3665 486 3758 populus
519 3665 630 3736 valeret
661 3666 841 3754 modestus,
864 3693 882 3734 a
904 3665 1027 3735 licentia
1047 3666 1186 3752 ebenus,
1209 3688 1296 3734 verae

351 3785 501 3854 libertatis
523 3810 650 3872 amans,
683 3787 822 3876 justitiae
851 3783 987 3872 vindex,
1020 3783 1104 3854 fidus
1135 3787 1212 3874 Regi
1242 3810 1298 3855 suo

353 3909 478 3999 suisque
513 3909 735 4001 obtemperans
764 3906 908 3996 legibus,
942 3931 1071 3976 concors
1106 3903 1244 4008 denique
1266 3923 1298 3972 et

355 4025 525 4094 concordii
545 4027 688 4096 invictus.
712 4029 833 4098 Harum
843 4043 878 4096 tu
889 4049 1013 4114 rerum,
1036 4027 1079 4096 mi
1090 4024 1155 4110 fili,
1179 4047 1296 4116 quem-

357 4141 529 4214 admodum
557 4164 657 4235 gestae
686 4148 769 4231 sint,
804 4149 885 4216 testis
918 4145 1003 4218 suisti
1033 4167 1176 4216 mecum:
1213 4141 1298 4214 vidi·
