3408 5664
647 1089 693 1156 87'

197 1265 367 1348 auditne,
390 1262 524 1330 alionum
543 1291 560 1328 a
580 1265 688 1354 priscis
711 1267 896 1330 Batavorum
909 1267 1046 1330 motibus
1058 1285 1138 1328 son·-

194 1383 345 1474 eibuaqne
357 1383 565 1466 existimabat,
577 1399 695 1450 tantun
708 1383 873 1456 hominum
883 1381 1138 1462 multitudinum

194 1518 367 1593 postquam
386 1505 517 1570 maxima
548 1504 665 1570 tributa
690 1502 866 1586 solvissent,
894 1503 955 1569 hoc
977 1519 1133 1594 tompore,

196 1644 264 1710 quo
284 1619 370 1688 ltaud
388 1622 479 1710 longe
498 1624 718 1690 amisetiarum
731 1621 796 1690 line
807 1625 952 1690 senbnsse
963 1639 1131 1714 putarent,

190 1737 317 1806 sedibus
338 1739 452 1831 pellere
472 1741 679 1833 fortunaeque
702 1745 895 1810 committere
917 1741 1063 1810 ludibrio.
1089 1741 1130 1808 (t)

238 1859 349 1950 Itaque
379 1859 568 1928 obsidendae
593 1859 853 1952 Groningae‘spe
875 1859 1018 1945 ademtd,
1043 1858 1131 1928 clau·

192 1976 316 2046 dendae
346 1983 506 2048 Bortaniae
542 1979 725 2050 Gudielntus
750 1979 874 2050 consilia
897 1982 976 2048 init:
1014 1979 1132 2045 nudato

192 2121 268 2167 vero
303 2101 480 2192 provinciae
517 2097 596 2166 finos
626 2102 721 2191 copiis
746 2123 812 2166 non
834 2123 944 2184 austu,
980 2097 1133 2164 termille

162 2217 303 2304 ,militen
339 2215 379 2284 ad
413 2241 481 2288 eam
509 2215 741 2310 expeditionem
773 2217 924 2310 petendos
947 2244 963 2284 a
986 2217 1134 2284 Mauritio

192 2351 309 2404 oenaet.
363 2337 486 2425 Negant
516 2335 675 2424 01·dines;
714 2355 817 2404 temen
852 2339 1064 2416 conveniunt,
1098 2353 1133 2406 nt

189 2457 308 2542 Hagam
329 2457 516 2541 mittantur,
540 2458 596 2550 qui
613 2481 681 2524 rem
701 2483 775 2526 cum
794 2455 991 2541 Ordinibus,
1018 2457 1132 2523 horum

190 2573 311 2642 Senatu
331 2592 363 2642 et
385 2575 458 2642 belli
475 2573 557 2644 duce
575 2599 722 2667 supremo
743 2575 925 2644 delibutam.
966 2577 1133 2646 Fluctuant

188 2696 321 2779 animia,
354 2692 551 2764 difficultates
583 2714 770 2782 moventur,
803 2713 835 2762 et
861 2695 1128 2789 perpenduntura

191 2814 249 2900 fit,
277 2831 314 2882 ut
335 2817 560 2908 ptomittantur
581 2816 699 2886 auxilia.
744 2818 827 2904 Engo
850 2815 1035 2884 Guilielmua
1060 2841 1133 2884 ctun

189 2935 318 3021 triginta
352 2933 473 3004 duabus
508 2933 669 3027 peditum,
711 2952 783 3004 octo
812 2937 956 3028 equitum
985 2937 1133 3002 centutiis

188 3052 295 3122 Suolla
317 3051 368 3119 die
395 3057 430 3122 ll
454 3053 577 3122 Sextilis
596 3053 776 3147 profectus,
799 3056 956 3146 occupatis
975 3053 1132 3121 nonnullis

188 3197 228 3240 ex
263 3174 371 3240 itinere
405 3171 500 3256 locis,
534 3175 711 3240 Bortaniam
743 3171 915 3242 contendit.
972 3175 1131 3240 Desectam

188 3293 331 3376 invenit,
367 3291 517 3382 nulloque
554 3289 633 3357 vallo
669 3291 847 3378 fiantatam3
886 3313 982 3382 quane
1022 3291 1129 3372 vallat,

186 3409 336 3478 latissimo
361 3411 441 3478 sossl
474 3409 668 3496 circumdat,
703 3426 735 3477 et
766 3413 909 3503 quinque
941 3435 1128 3504 ptopugna-

188 3529 267 3598 culis
304 3532 450 3596 tutionem
480 3529 576 3616 facita
616 3529 756 3602 conlecta
790 3555 884 3624 opera
918 3531 1037 3622 aliquot
1073 3557 1128 3600 co-

187 3648 331 3718 hortium
356 3649 511 3718 custodiae
534 3649 741 3719 commendat.
787 3652 912 3718 Otiocua
935 3667 1037 3716 autem
1064 3652 1127 3720 cit·-

186 3793 225 3836 ea
255 3769 450 3858 Groningam
470 3769 619 3857 Vetdugo
642 3767 848 3853 considebat„
869 3771 985 3837 civium
1006 3795 1128 3863 oppro-

187 3890 264 3956 briis
305 3889 482 3974 lacessitum
529 3889 582 3956 sed
620 3889 778 3958 Fradcuici
811 3891 969 3978 Bergenais
1008 3890 1128 3958 adven·

188 4026 258 4076 tom
288 4007 436 4088 edoctus,
460 4011 592 4076 maxima
617 4012 719 4079 omnia
742 4011 908 4102 concipere
928 4012 1031 4077 animo
1054 4035 1127 4076 ooo-

188 4131 248 4224 pit.
293 4131 481 4219 Expugnato
503 4129 553 4196 illc
576 4129 764 4212 Otlamnrao,
789 4153 846 4219 pce
866 4129 1133 4202 Bentlaomoosetn¹

228 4381 270 4448 (ι)
290 4377 383 4448 nnn,
404 4382 421 4432 t.
443 4381 461 4436 t.
