3408 5664
731 695 771 762 bd

280 861 375 938 duces
398 865 590 954 tendebant,
613 867 770 964 Hcipenae
796 865 836 936 ad
860 865 989 936 nusuulc
1013 869 1098 936 uubis
1121 866 1220 952 latus,

282 991 400 1058 minos-n
422 987 462 1056 ad
486 990 664 1082 oppositam
692 1004 816 1081 partem
845 989 966 1083 positu,
997 984 1119 1082 duplici
1143 983 1220 1055 vallo

280 1109 470 1180 circumdate
506 1135 578 1180 cusu
609 1107 754 1177 adversus
780 1125 1008 1176 tormentetum
1028 1108 1223 1176 utbanoaum

278 1231 453 1322 impsum,
478 1244 548 1298 uun
575 1225 720 1298 adversus
752 1245 878 1296 externa
914 1225 1046 1312 auxilia,
1082 1228 1109 1296 si
1141 1251 1221 1320 quac

277 1347 359 1416 sonte
390 1349 639 1440 supervenisant.
693 1349 749 1416 His
770 1348 812 1414 ita
833 1347 1036 1442 comparatis,
1059 1369 1162 1442 quum
1180 1343 1220 1414 ad

277 1467 435 1538 cuniculos
459 1465 618 1536 iaciendos
641 1489 673 1536 se
698 1483 917 1536 converterent
940 1465 1073 1556 milites,
1095 1465 1221 1554 accidit,

277 1603 313 1656 ut
334 1589 428 1656 tantis
448 1603 678 1658 tormentorum
698 1585 883 1656 fulminibus
902 1602 1086 1681 petes-entus·
1105 1603 1219 1672 casua,

276 1723 313 1774 ut
345 1708 428 1774 intra
462 1708 679 1776 btcvissimum
710 1721 833 1800 tempus
864 1705 956 1774 sulcis
989 1707 1091 1800 cunpi
1124 1707 1220 1774 ueini

275 1823 498 1911 findescntur,
542 1825 662 1916 fragore
696 1827 814 1916 ingenti
848 1840 1006 1894 sesonuet
1035 1835 1100 1896 atta.
1152 1826 1220 1894 Nec

274 1946 379 2012 tninus
402 1943 501 2014 valide
530 1947 606 2012 urbs
640 1961 799 2038 quassata,
833 1945 976 2014 immissis
1005 1944 1077 2040 pilis
1107 1943 1217 2014 salmi-

274 2065 361 2150 neit,
404 2063 566 2158 globisque
599 2063 816 2148 fumantibus,
860 2087 999 2158 quorum
1027 2061 1219 2160 expletiones

275 2181 450 2276 plurimum
484 2180 697 2270 Groninganis
721 2177 906 2252 detrimenti
924 2179 1107 2250 atttderunt.
1151 2183 1219 2274 Qui

274 2299 315 2370 ad
339 2299 532 2370 deditionem
556 2299 607 2369 diu
633 2303 672 2372 15
693 2301 773 2390 Maji
794 2299 964 2386 sollicitati,
986 2299 1060 2368 belli
1083 2299 1217 2372 ducibus

272 2418 527 2516 tesponderunt,
552 2443 686 2514 opcmm
707 2429 881 2490 navarent.

318 2537 444 2609 Ttiduo
476 2557 547 2634 post
581 2541 687 2608 castris
720 2541 848 2608 excessit
884 2539 1070 2610 Guilielmus
1091 2557 1122 2608 ct
1146 2567 1219 2612 eum

276 2656 443 2728 duodecim
477 2659 624 2726 centuriis
654 2657 693 2726 ad
729 2657 887 2728 castelium
917 2657 1154 2732 Adoardianum
1187 2685 1219 2730 se

275 2777 417 2846 contulit.
461 2776 637 2864 Praesidio,
664 2776 751 2872 quod
774 2795 903 2848 centum
925 2795 957 2846 et
979 2781 1090 2870 viginti
1109 2805 1215 2849 anma-

276 2896 315 2964 tis
336 2897 519 2978 constabat,
541 2907 685 2990 practtut
706 2899 901 2986 hungerus,
933 2899 1063 2970 minime
1084 2901 1216 2970 imbellis

272 3015 369 3085 homo
392 3031 423 3084 et
446 3033 608 3086 vctctanus
628 3016 734 3103 miles,
758 3043 776 3086 a
797 3043 881 3110 quo,
913 3015 1056 3088 adductis
1084 3021 1215 3116 propius

272 3135 390 3230 aliquot
410 3138 592 3224 tormentis,
614 3138 730 3206 iterum
748 3139 933 3233 expoposcit
951 3137 1055 3206 locum
1078 3138 1212 3209 Guiliel-

272 3281 362 3342 mus,
386 3254 561 3326 concedens
580 3273 616 3324 ut
636 3256 718 3324 salvo
741 3255 860 3324 honotc
880 3281 916 3323 cx
936 3256 1060 3322 militari
1079 3281 1213 3324 consue·

274 3372 385 3446 tudine
406 3399 480 3444 cum
500 3377 561 3442 suis
582 3372 791 3462 ega-ederetur.
836 3375 924 3444 Hune
947 3373 998 3442 iile
1022 3376 1142 3444 veniam
1160 3402 1211 3446 as·

272 3511 434 3590 pennatus,
451 3495 540 3562 brevi
559 3491 673 3572 dudem
692 3491 850 3564 castellum
867 3494 1052 3580 cogebatur,
1066 3511 1213 3592 tantoque

272 3612 354 3682 edita
382 3639 400 3682 a
422 3613 571 3684 militibus
596 3630 728 3702 soeges,
754 3638 833 3706 quos
864 3637 971 3682 aenens
1002 3611 1212 3703 damnosum,

271 3733 391 3804 ibidem
402 3735 560 3830 superine
579 3758 663 3804 anuo
679 3748 898 3830 acceptorum,
918 3737 1065 3803 memoria
1081 3735 1210 3804 inflam-

272 3857 393 3942 mabat,
415 3853 510 3922 atad
532 3880 634 3924 unum
652 3879 758 3926 omnes
779 3854 969 3952 panesidiarii
989 3853 1209 3924 interficeren—
1237 3873 1239 3881 ’

272 3992 334 4046 tun
365 3977 483 4046 Invitus
497 3976 737 4070 ‚expugnationis
757 3973 970 4050 crudelitatem
989 3992 1020 4042 et
1035 3975 1210 4050 barbariem
