3408 5664
992 907 1050 976 108

551 1097 637 1164 non,
658 1096 695 1146 ut
712 1103 770 1174 par
788 1095 882 1164 esset,
904 1079 1017 1164 amice,
1039 1075 1093 1146 sed
1109 1076 1261 1148 hostiliter
1276 1081 1388 1172 excipi.
1410 1079 1487 1148 Ab·

550 1201 700 1267 stiuerent
711 1201 750 1266 ab
763 1199 902 1287 injuriis,
915 1197 1073 1266 neminem
1083 1194 1257 1280 laederent,
1272 1198 1488 1288 nunciatoque

549 1322 762 1412 Hispanorum
780 1317 936 1401 adventu,
959 1317 992 1385 in
1013 1318 1125 1384 urbem
1148 1313 1337 1408 praesidium
1358 1318 1484 1408 accipe-

549 1455 631 1504 rent.
674 1434 713 1502 Id
735 1437 978 1518 sirecussuent,
1004 1433 1122 1501 nullam
1145 1431 1278 1526 amplius
1302 1457 1415 1504 navem
1437 1433 1487 1502 vel

549 1575 645 1649 portu
674 1558 926 1644 enavigaturam,
968 1553 1017 1622 vel
1046 1551 1219 1636 redituram
1244 1555 1278 1631 in
1306 1577 1381 1622 eum
1412 1578 1486 1623 esse.

548 1679 661 1768 Neque
684 1676 747 1744 hoc
770 1677 904 1742 nrinatus
927 1673 980 1740 ille
1001 1671 1135 1757 solum„
1158 1671 1213 1740 sed
1247 1689 1406 1742 exsecutus
1441 1690 1486 1740 est

548 1798 671 1876 statim,
694 1813 729 1862 ut
750 1791 946 1878 ostenderet,
974 1793 1051 1860 man·
1074 1815 1125 1860 eos
1154 1817 1172 1858 a
1200 1791 1320 1859 Batavis
1347 1789 1485 1878 facilius,

466 1913 469 1920 ’
550 1939 647 2005 quam
670 1915 710 1980 ab
733 1913 796 1980 aliis
816 1901 984 1980 intercludi
1008 1933 1107 2004 posse.
1161 1908 1264 1978 Biduo
1286 1926 1391 1977 tamen
1413 1926 1486 2002 post

548 2033 681 2100 liberum
703 2035 832 2102 navibus
855 2055 982 2100 cursum
1005 2029 1163 2116 reddidit,
1184 2031 1333 2122 quoniam
1352 2029 1486 2110 liemere
1597 2071 1600 2080 .

550 2170 655 2218 nautas
682 2170 714 2218 et
737 2152 923 2242 quingentos
945 2149 986 2218 ad
1009 2152 1068 2218 iter
1092 2165 1213 2241 paratos
1241 2173 1304 2216 esse
1328 2149 1483 2238 intellige-

549 2273 611 2338 bat.
687 2273 829 2338 Moventi
863 2268 980 2338 deinde
1015 2269 1144 2338 Eunoni
1177 2292 1252 2337 cnm
1281 2269 1486 2359 septingentis

549 2389 698 2457 militibus
721 2389 762 2456 ad
785 2391 918 2473 urbem,
947 2387 1121 2465 Guilelmi,
1136 2387 1284 2480 epistolae·
1306 2389 1486 2481 exemplum

550 2507 755 2593 tradebatur,
778 2525 814 2574 ut
831 2507 935 2574 fieret
953 2508 1086 2589 certior,
1109 2531 1173 2596 qua
1185 2507 1252 2600 ipse
1262 2507 1485 2575 existimatione

547 2629 710 2694 laboraret.
745 2629 859 2696 Libere
882 2629 968 2694 enim
990 2625 1371 2700 thlielmnssententinm
1381 2625 1485 2695 dicere
1535 2619 1538 2630 ’

548 2765 690 2830 coactus,
712 2744 974 2817 civesEmdnnos
994 2741 1286 2832 commeationem,
1310 2744 1486 2816 cavendum

547 2867 622 2956 ipsis
645 2891 661 2930 a
682 2865 805 2930 Comite
823 2865 959 2932 Ennone
979 2887 1063 2952 esse,
1085 2867 1137 2934 cui
1165 2867 1388 2934 commercium
1410 2891 1485 2935 cum

548 2985 694 3076 Hispanis
724 2985 940 3069 intercedere,
963 3009 1016 3052 ore
1044 2987 1186 3060 omnium
1206 2985 1350 3052 ferretur.
1394 2987 1484 3054 Misit

440 3174 445 3184 ,
547 3104 657 3188 etiam,
680 3104 737 3194 qui
758 3102 1064 3190 eosadhortaretur,
1089 3103 1230 3196 nequid
1252 3123 1479 3177 commutatum

546 3227 646 3310 irent,
680 3226 869 3311 magistratui
901 3247 1029 3292 omnem
1058 3225 1196 3292 muneris
1222 3242 1345 3319 partem
1369 3224 1483 3296 salvam

547 3360 758 3436 praestarent,
790 3343 892 3416 donec
924 3343 1059 3431 legitime
1094 3343 1204 3413 electio
1235 3346 1405 3430 obtineret,
1439 3370 1481 3414 ne

548 3465 735 3554 cujusquam
767 3463 963 3532 offenderent
994 3463 1163 3548 honorem,
1177 3485 1180 3492 ·
1194 3464 1321 3534 bonisve
1350 3463 1480 3532 insidia-

547 3599 676 3668 rentur,
700 3581 810 3650 auxilin
833 3581 927 3673 (quae
951 3584 985 3650 in
1006 3583 1136 3651 naribus
1151 3607 1252 3675 prope
1266 3586 1380 3652 urbem
1388 3601 1481 3652 tene-

547 3703 675 3792 bantru·)
697 3705 731 3769 in
745 3704 943 3771 suburbium
963 3701 1182 3786 admitterent,
1206 3701 1482 3793 quoadordinum

545 3818 775 3889 foederatorum
804 3823 973 3889 intercessu
991 3823 1026 3888 in
1045 3822 1172 3908 gratiam
1192 3845 1265 3890 eunt
1285 3823 1406 3890 Comite
1424 3847 1479 3891 re·

546 3937 684 4006 diissent.
727 3937 966 4032 Responderunt
977 3939 1036 4024 illi,
1061 3939 1176 4010 nullam
1191 3964 1223 4008 se
1238 3939 1286 4008 vel
1296 3942 1332 4009 in
1340 3965 1411 4010 vera
1422 3943 1478 4010 re-

544 4059 676 4146 ligione,
690 4057 747 4128 tel
766 4060 801 4126 iu
823 4057 958 4132 civilium
969 4083 1075 4126 retum
1086 4057 1350 4130 administratione
1370 4077 1478 4141 muta-

548 4169 664 4250 tionem
675 4177 837 4278 meditari,
850 4179 913 4250 imo
924 4203 964 4250 ne
977 4178 1052 4253 velle
1064 4177 1210 4271 quidem:
1228 4178 1329 4252 iacere
1339 4195 1481 4272 puetos,
