3454 5658
644 867 684 933 33

227 1033 320 1104 Circa
343 1034 403 1106 hoo
428 1053 552 1132 tempus
571 1036 610 1106 ad
632 1039 739 1126 Regias
763 1055 867 1131 partes
898 1037 1033 1132 turpiter
1064 1027 1124 1100 de⁴

160 1153 342 1254 ,sciverant
376 1172 436 1224 tres
457 1154 567 1224 fratres
587 1159 775 1245 Bergenses,
805 1158 1022 1240 Hermionae,
1045 1155 1124 1222 Fre-

185 1267 326 1358 tlericus,
371 1271 542 1344 oswaldus.
610 1276 700 1368 Quae
731 1275 884 1346 calamitas
916 1292 954 1342 ut
986 1273 1130 1368 exemplo

186 1387 356 1460 foederatae
374 1392 575 1488 Reipublicae
596 1396 748 1482 nocebat,
779 1398 821 1464 ita
842 1419 949 1490 reapse
970 1391 1130 1464 Guilielmi

185 1511 327 1580 animum
344 1514 509 1582 sauciavit:
535 1537 639 1606 neque
664 1516 750 1584 enim
776 1515 878 1612 solum
903 1539 978 1584 curn
999 1515 1035 1580 iis
1057 1511 1128 1580 effi*

188 1631 284 1699 nitate
305 1635 494 1722 conjunctus
513 1652 595 1720 erat,
617 1633 672 1702 sed
691 1635 843 1704 habuerat
864 1659 914 1704 eos
937 1633 1131 1729 permultos

185 1775 285 1819 annos
305 1751 480 1820 studiorum
496 1753 592 1822 socios
617 1780 653 1823 ac
676 1756 827 1847 pueritiae
846 1753 973 1824 sodales.
1016 1753 1127 1840 Auge-

189 1869 283 1937 batur
313 1870 450 1958 malum,
483 1871 569 1966 quod
599 1874 639 1939 ab
672 1874 707 1940 iis
738 1874 812 1968 ipsis
836 1870 1018 1942 deiectionis
1041 1897 1130 1940 nun-

189 1987 274 2056 cium
309 1992 450 2082 accepit:
484 2015 589 2079 graves
621 2016 684 2058 esse
718 2017 842 2076 carues,
875 1993 1017 2075 aiebant,
1048 2015 1130 2082 qua-

189 2125 360 2202 proptera
381 2112 523 2204 partibus
544 2110 775 2179 foederatorum
798 2111 1067 2194 abalienarentru·,
1100 2127 1133 2177 et

189 2245 356 2322 exoptare,
393 2245 429 2296 ut
452 2231 486 2296 in
511 2228 643 2298 eandem
663 2231 849 2298 sententiam
867 2253 976 2298 secum
1009 2228 1129 2312 abiretg

125 2352 127 2360 ’
190 2370 265 2413 uam
294 2346 363 2413 fieri
396 2372 461 2415 non
492 2372 597 2441 posse,
644 2350 725 2440 quin
758 2364 896 2414 extrema
931 2347 1009 2416 mala
1045 2341 1133 2415 brevi

189 2463 353 2534 foederatis
386 2467 596 2534 imminerent.
666 2468 795 2560 Quibus
838 2467 941 2534 verbis
981 2463 1129 2552 indigna-

192 2585 277 2654 tione
307 2609 428 2653 summa
460 2587 617 2678 acceptis,
651 2587 757 2654 naisuri
780 2609 811 2652 se
833 2582 1015 2678 respondit,
1038 2598 1130 2678 post-

192 2729 290 2797 quam
330 2721 395 2773 tam
435 2703 587 2772 inauditas
617 2703 741 2772 fraudes
775 2706 880 2773 Batavi
914 2705 954 2772 ab
989 2703 1135 2796 Hispanis

191 2825 376 2909 subiissent,
410 2825 544 2894 inveniri
576 2827 610 2892 in
636 2841 728 2914 gente
749 2827 881 2910 Batava,
904 2823 961 2916 qui
981 2820 1134 2892 seelemm

194 3066 233 3132 tis
261 3063 428 3132 traderent.
482 3064 552 3132 Sibi
571 3089 644 3132 vero
666 3065 932 3160 persuasissimum
949 3043 1032 3144 esse,
1055 3058 1131 3128 nul-

193 3182 253 3250 lius
286 3183 429 3251 fortunae
459 3185 555 3270 gratia
582 3186 701 3272 justam
729 3206 864 3252 canuam
888 3206 924 3248 ac
954 3179 1134 3266 religionem

192 3299 333 3370 deserere
346 3329 367 3402 ς’
392 3325 617 3394 quemcunque
646 3304 729 3369 Deus
758 3300 857 3368 finem
881 3315 959 3367 esset
980 3297 1133 3378 daturus,

192 3445 293 3512 aequo
327 3421 489 3489 animose
523 3419 803 3514 praestolaturum,
850 3443 955 3512 aeque
988 3419 1132 3488 futurtun

195 3565 357 3632 unquam,
396 3555 433 3608 ut
477 3539 656 3632 turpissimi
688 3537 870 3608 deiectionis
904 3539 979 3607 noti
1011 3539 1131 3626 generis

191 3660 241 3728 sui
274 3657 474 3753 splendorem
508 3660 695 3728 obscuraret
751 3656 1008 3751 Exprobraticnis
1037 3679 1127 3726 acer-

193 3781 325 3847 bitatem
341 3777 506 3868 bergenses
523 3778 688 3866 aegerrime
702 3776 851 3853 serentes,
865 3775 1056 3846 stomachose
1073 3798 1127 3844 re-

190 3899 408 3990 scripserunt,
436 3921 473 3964 ac
495 3897 747 3990 perstrinxerunt
770 3919 863 3980 eum,
896 3891 983 3986 quod
1005 3893 1128 3962 illustris

194 4016 325 4086 familiae
345 4018 495 4084 maculas
516 4031 630 4084 eernere
662 4037 694 4082 se
726 4013 916 4109 appellasset.
969 4012 1024 4082 ille
1056 4036 1132 4084 vero

195 4134 334 4226 querelas
354 4136 483 4206 istorum
504 4159 568 4204 non
589 4133 720 4227 amplius
741 4149 896 4218 moratus,
926 4131 970 4201 ad
992 4133 1139 4226 proriae,¹

976 4257 995 4318 3
