3456 5676
1011 917 1074 979 216

565 1090 714 1172 miratus,
758 1115 830 1156 eum
866 1088 961 1154 adse
988 1113 1157 1172 arcessere,
1203 1091 1339 1174 benigne
1367 1089 1506 1168 babere,

563 1209 725 1301 perfidos
747 1209 955 1293 domesticos,
976 1231 1036 1301 per
1062 1207 1177 1274 litterus
1206 1206 1348 1298 denique
1366 1209 1510 1272 maximis

563 1331 691 1416 negotiis
719 1329 888 1412 adhibere,
929 1344 1003 1394 eta
1036 1345 1144 1394 mente
1175 1330 1242 1416 ejus
1271 1323 1358 1392 haud
1391 1343 1507 1392 temere

560 1449 728 1535 recedere,
750 1451 784 1516 iu
805 1473 892 1516 more
917 1449 1056 1542 positum
1078 1447 1223 1514 babebat.
1247 1473 1268 1514 u
1291 1446 1401 1514 Abeo
1420 1460 1503 1512 tem-

563 1596 584 1636 >a
604 1595 705 1662 pore,
749 1570 858 1660 inquit
888 1571 977 1662 ipse,
1024 1592 1090 1657 quo
1114 1591 1152 1632 cx
1173 1566 1288 1660 patria
1308 1567 1506 1652 Groningam

560 1716 581 1755 i>
604 1691 752 1776 migravi,
776 1713 835 1781 per
858 1712 954 1758 annos
973 1687 1082 1775 viginti
1101 1711 1152 1754 sea
1179 1685 1329 1752 affectum
1342 1684 1504 1753 Guilielmi

560 1835 581 1875 >›
604 1825 668 1876 tam
703 1808 884 1876 benivolum
916 1823 1065 1900 expertus
1101 1831 1172 1874 sum
1204 1829 1349 1898 semper,
1392 1821 1427 1870 ut
1452 1829 1505 1872 me

560 1927 790 1998 »conditionis
818 1952 905 1994 meae
934 1927 1127 1998 humillimae
1161 1925 1240 1992 mihi
1276 1926 1446 1992 conscium·
1467 1925 1503 1990 iu
1551 2009 1554 2014 Ι

483 2131 484 2142 ¹
559 2075 580 2115 >›
602 2051 751 2115 ruborem
772 2072 862 2142 saepe
884 2047 994 2132 daret,
1016 2045 1104 2138 quod
1126 2047 1253 2122 sanein
1278 2063 1413 2135 utruque
1431 2043 1503 2112 lor-

559 2185 702 2252 utura,
733 2167 888 2260 imprimis
908 2167 942 2232 in
966 2166 1028 2233 bac
1048 2167 1132 2254 gravi
1155 2182 1254 2232 aetate
1279 2189 1371 2258 saepe
1398 2164 1505 2234 solatio

557 2313 579 2354 a>
599 2304 632 2354 et
653 2286 766 2379 gaudio
787 2286 868 2351 mibi
888 2285 958 2352 suit.
972 2288 996 2316 ’²
1020 2285 1062 2353 (¹)

601 2409 713 2498 Neque
749 2424 853 2476 tamen
887 2404 1084 2472 eruditorum
1109 2403 1262 2472 duntaxat
1284 2403 1394 2473 studiis
1424 2407 1501 2472 mira

556 2527 750 2593 humanitate
779 2525 900 2594 favebat
929 2525 1137 2612 Guiliclmus3
1184 2524 1273 2592 latius
1308 2525 1500 2594 voluntatem

555 2647 670 2719 animi,
705 2648 770 2713 imo
798 2669 871 2715 vcro
895 2644 935 2711 ad
960 2661 1160 2738 posterorum
1191 2644 1322 2711 salutem
1345 2643 1500 2713 extendit.

555 2767 701 2858 Namque
717 2766 912 2852 intelligens,
925 2765 1095 2834 studiosam
1111 2768 1314 2854 juventutem
1335 2766 1498 2832 Frisiacam

555 2887 590 2950 in
614 2884 794 2976 peregrinas
813 2908 871 2975 per
888 2900 985 2951 totam
1010 2886 1172 2977 Europam
1195 2881 1378 2952 Academias
1397 2885 1495 2950 Prin·

554 3006 725 3096 cipumque
749 3004 832 3070 utilas
860 3001 1023 3089 secedere,
1057 3003 1146 3096 quod
1176 3003 1247 3071 fieri
1280 3005 1346 3070 siue
1377 3007 1498 3090 magnis

552 3123 706 3188 sumtibus
729 3139 761 3189 et
778 3123 875 3214 ipsius
901 3123 1013 3189 Frisiae
1036 3121 1225 3191 detrimento
1255 3147 1319 3190 nou
1350 3141 1496 3216 poterat,

552 3241 700 3334 expedire
723 3243 902 3335 provinciae
932 3245 1075 3336 putavit,
1108 3261 1148 3324 ut,
1169 3242 1370 3311 domesticam
1389 3244 1492 3311 habe·-

550 3379 623 3428 rent
643 3361 880 3454 disciplinarum
898 3361 1014 3430 sedem.
1069 3364 1158 3431 Ante
1171 3366 1239 3452 jam
1261 3387 1368 3430 mense
1390 3362 1493 3456 Aprili

555 3485 640 3550 1584
669 3480 709 3546 de
739 3483 911 3549 Seminario
934 3481 1129 3550 instituendo
1152 3484 1186 3548 in
1215 3481 1378 3549 Ordinum
1409 3507 1490 3550 con-

551 3619 647 3670 ventu
672 3599 881 3673 deliberatum
903 3601 1028 3688 fuerat3
1053 3626 1122 3688 aes,
1139 3603 1296 3694 proposita
1317 3604 1357 3668 ab
1375 3602 1491 3670 Eccle-

549 3725 608 3788 siae
632 3723 800 3806 ministris,
827 3721 986 3814 placuerat
1009 3719 1210 3805 Ordinibus,
1231 3738 1328 3814 atque
1348 3746 1386 3790 eo
1413 3738 1487 3788 teu·-

548 3838 623 3906 dcae
667 3840 768 3907 iuerat
807 3842 887 3926 visa,
933 3858 970 3907 ut
1013 3841 1202 3928 Theologiae
1233 3857 1264 3908 ct
1299 3843 1490 3910 Litterarum

548 3957 740 4044 Collegium,
785 3958 916 4026 exclusis
948 3962 1054 4028 ceteris
1099 3958 1291 4054 disciplinis,
1326 3960 1484 4030 condere-

560 4131 824 4156 m

586 4207 625 4279 (a)
647 4201 776 4264 Emmius.
797 4225 822 4271 p.
841 4206 867 4256 5.
888 4208 966 4275 Effig.
988 4219 1012 4258 ct
1038 4211 1098 4261 Vir.
1118 4213 1205 4278 Prqffi
1229 4213 1312 4262 Gruau
1335 4227 1361 4280 p.
1381 4211 1427 4278 47..

1057 4650 1079 4691 ‚b
