3408 5664
647 943 702 1010 181

202 1125 235 1178 et
259 1109 445 1182 moderatrix
465 1117 535 1186 suit.
580 1118 728 1208 Quarum
752 1118 964 1188 universarum
989 1119 1146 1204 choum,

202 1236 344 1326 quamvis
374 1236 613 1304 efficacissimam
637 1234 775 1324 singulae
798 1237 831 1303 in
857 1240 924 1326 ejus
952 1238 1046 1306 vitum
1079 1240 1143 1307 viru

201 1349 402 1438 habuerunt,
447 1371 550 1422 tumen
580 1379 704 1449 semper
739 1355 823 1423 velut
858 1359 892 1423 in
928 1355 1078 1426 famulatu
1111 1375 1144 1426 et

200 1473 370 1542 ministerio
397 1475 518 1567 pietatis
554 1474 721 1544 collocavit.
779 1479 852 1544 Non
883 1477 979 1564 igitur
1011 1501 1083 1562 ees,
1106 1491 1143 1545 ut

199 1590 289 1682 plebs
326 1596 504 1677 cousuevit,
534 1597 591 1662 sibi
627 1593 768 1662 colendas
801 1595 1005 1676 existimavit,
1039 1614 1076 1662 ut
1102 1621 1142 1664 ne

199 1712 232 1776 in
256 1711 397 1778 inusitata
426 1712 661 1804 prolaberetur,
684 1740 720 1783 uc
749 1716 815 1780 siue
839 1717 1027 1804 cujusquam
1052 1717 1139 1784 rire·
1224 1719 1227 1734 '

201 1845 250 1894 ret
281 1831 416 1918 oiiensa3
464 1833 564 1900 multo
596 1834 793 1900 honoratiore
828 1859 876 1900 ens
906 1834 976 1902 loeo
1007 1835 1137 1906 habuit,

200 1948 344 2041 vitaeque
377 1953 459 2016 bene
488 1951 697 2017 instituendae
744 1949 828 2018 velut
860 1950 957 2020 disces
989 1951 1141 2044 quasdam

197 2083 228 2133 et
263 2066 487 2136 adhortatriees
526 2071 631 2138 coluit.
708 2069 760 2136 Ab
790 2071 839 2136 his
879 2071 1040 2164 proiectus
1074 2073 1138 2139 iui-

198 2189 267 2270 tiis,
299 2187 384 2254 haud
427 2190 542 2255 mirum
589 2191 614 2256 si
646 2188 884 2258 mansuetudine
912 2205 944 2258 et
979 2191 1141 2258 clementie
1225 2209 1228 2222 ·

199 2332 270 2395 erga
312 2307 445 2394 hostes,
500 2333 569 2396 erga
612 2310 691 2376 eires
741 2327 847 2376 autern
889 2325 920 2376 et
973 2310 1142 2405 populares

197 2427 389 2495 humanitate
445 2445 477 2495 et
528 2428 734 2496 benivolentia
780 2429 1002 2522 conspicuus,
1050 2429 1136 2496 telis·

195 2573 257 2639 que
291 2549 421 2617 omniuo
454 2565 550 2628 esset,
587 2548 711 2641 qualern
742 2573 774 2615 se
805 2547 903 2616 videri
930 2547 1045 2633 vellet,
1068 2548 1136 2618 tulis

192 2685 296 2736 autern
324 2667 502 2750 videretur,
543 2667 643 2759 qraalis
675 2684 751 2734 esset
781 2691 898 2735 revera.
964 2669 1136 2751 Novimus,

192 2812 287 2880 quam
314 2786 457 2854 scelerate
474 2785 624 2874 Vendugo
648 2785 814 2852 demedio
839 2811 912 2854 eum
937 2785 1043 2854 tollere
1064 2811 1132 2854 see-

188 2908 260 3001 pius
290 2905 466 2992 studuerit,
501 2923 683 3000 quanteque
715 2904 874 2976 Guilielmi
908 2907 942 2972 in
978 2905 1028 2973 lais
1058 2907 1133 2996 ipsis

190 3027 268 3093 vitae
289 3025 432 3119 perieulis
456 3027 553 3094 animi
576 3026 671 3092 suerit
692 3026 853 3116 aequitas,
877 3025 933 3116 qui
953 3026 1036 3117 ipsos
1057 3049 1130 3093 sce-

188 3143 258 3212 leris
279 3163 417 3214 auctores
439 3169 555 3238 poenas
577 3144 662 3210 luere
683 3145 753 3210 satis
771 3144 909 3227 hahens,
933 3159 969 3209 ut
991 3142 1132 3234 plurium

186 3279 330 3358 parceret
354 3265 454 3347 vitae,
489 3265 523 3329 in
556 3280 672 3330 eeteros
705 3259 847 3350 ejusdem
881 3261 1003 3328 sceleris
1033 3264 1131 3332 socios

188 3408 229 3449 ne
249 3383 367 3475 inquiri
391 3379 538 3473 quidem,
574 3380 693 3449 nedum
723 3379 928 3450 animadverti
959 3399 1127 3474 pateretur.

185 3503 305 3570 Ceteris
321 3519 446 3584 autem,
471 3525 551 3594 quae
570 3525 662 3594 supra
677 3499 858 3584 retulimus,
872 3499 1053 3568 clementiae
1066 3525 1125 3570 ex-

186 3621 296 3716 emplis
306 3619 338 3687 id
352 3619 535 3688 addendum
545 3637 588 3687 est
597 3671 606 3704 ,
615 3636 744 3715 paenam
756 3643 829 3686 eum
841 3621 944 3686 iniisse
957 3647 1030 3688 eum
1040 3624 1126 3691 Ver-

184 3741 329 3828 dugone,
343 3766 408 3832 quo
419 3765 525 3808 ornnes
538 3740 708 3824 foeminae,
729 3763 809 3831 quae
828 3755 1014 3833 cuperentur
1027 3741 1126 3829 bello,

186 3862 337 3952 utrinque
367 3862 427 3926 suis
463 3861 566 3926 statim
594 3857 824 3945 redderentur,
875 3857 963 3950 quod
986 3857 1050 3928 dici
1072 3863 1125 3932 vir

184 3994 306 4072 potest,
331 3994 523 4071 quantopere
545 3979 578 4043 in
608 3975 800 4064 Verdugone
832 4001 897 4044 non
920 3979 1024 4045 ntinus
1047 3981 1124 4048 His-

185 4123 287 4190 pano,
303 4123 397 4188 quarn
417 4097 450 4162 iu
473 4095 640 4164 Guilielrno
658 4095 748 4164 laude
760 4095 893 4186 <lignum
904 4099 1063 4168 exstiterit.
1079 4101 1124 4174 (⁸)

221 4273 261 4350 (r)
284 4276 341 4330 Van
355 4277 444 4346 wip».
471 4278 540 4344 Beira
554 4296 588 4347 ep
600 4275 671 4329 Deel
689 4277 774 4330 VIII
784 4279 934 4346 ven'bl‘ieg.
953 4295 979 4347 p.
994 4277 1050 4332 rot.
