3454 5658
685 886 725 954 tt

234 1072 375 1146 munet,
398 1073 434 1128 ut
453 1061 589 1131 orations
609 1060 829 1131 wntumettost
839 1060 1003 1150 exagitaret
1013 1059 1174 1130 Ordinem

234 1177 381 1264 eondlia,
406 1203 466 1249 nec
489 1197 633 1274 parceret
659 1181 760 1249 verbis
783 1182 819 1247 in
847 1180 1035 1250 exarmando
1058 1184 1171 1248 Nassa-

235 1299 356 1365 viorum
374 1301 511 1366 nomine.
554 1301 657 1386 Hujus
684 1298 780 1366 libelli
805 1325 878 1368 cum
899 1299 1018 1391 aliquot
1039 1317 1172 1368 centena

234 1415 376 1510 exempla
406 1418 563 1506 navigium
590 1416 746 1486 Emdensc
765 1417 1009 1487 Ostmahornarn
1029 1418 1170 1487 advexis-

234 1551 302 1622 set,
334 1533 457 1604 detecta
483 1533 612 1620 fraude,
652 1538 755 1604 omnia
776 1535 816 1602 ad
838 1515 1091 1605 Gubernatorem
1110 1534 1171 1601 de-

233 1653 293 1721 lata
312 1669 407 1739 sunt,-
439 1655 497 1746 qui
515 1653 623 1723 sedulo
644 1657 784 1741 curavit,
814 1679 854 1722 ne
874 1654 914 1722 ad
933 1653 1091 1747 publicam
1109 1679 1183 1738 nos

171 1814 173 1822 ι
234 1773 333 1840 titiam
352 1775 564 1864 pervenirent.
614 1776 693 1843 Mox
710 1776 867 1862 egregium
886 1773 972 1842 idem
991 1789 1184 1857 mausuetu-¹

234 1887 317 1957 dinis
338 1907 433 1984 atque
452 1890 652 1958 humanitatis
674 1895 832 1983 specimen
860 1891 981 1979 edidit,
1012 1917 1088 1962 cum
1112 1895 1172 1960 Li·

234 2011 361 2079 cesuius
388 2009 493 2079 edicto
519 2013 764 2102 pronunciaret,
785 2009 934 2080 incendic
954 2009 1088 2078 delenda
1108 2013 1171 2078 Ba-

234 2144 375 2198 tavorum
411 2129 479 2198 loca
515 2152 600 2213 esse,
640 2145 799 2222 quotquot
831 2129 969 2198 hostium
1002 2129 1177 2198 civitatibus

234 2247 335 2315 vicina
356 2246 556 2314 haberentur.
612 2249 695 2315 Nam
725 2246 851 2314 sedibus
882 2249 943 2314 suis
976 2263 1023 2315 tot
1049 2247 1175 2315 familias

234 2363 369 2456 pellere,
402 2381 434 2432 et
454 2366 546 2432 bonis
567 2366 713 2433 omnibus
741 2367 880 2458 privare,
903 2367 998 2459 impia
1019 2389 1067 2432 res
1089 2366 1175 2435 Gui-

233 2483 337 2552 lielmo
356 2482 540 2571 ridebatur,
565 2508 662 2576 quare
684 2482 833 2552 mandato
855 2484 1027 2552 satisfacere
1047 2508 1173 2552 recusa-
1242 2461 1245 2468 ⁴

235 2604 300 2689 vit,
318 2619 355 2670 ut
379 2619 481 2670 tantae
503 2601 666 2671 calamitati
685 2603 766 2670 cives
787 2619 913 2670 atvero
935 2602 1014 2695 ipsas
1035 2604 1175 2690 regiones

234 2727 378 2816 eriperet.
421 2725 533 2790 Mense
566 2722 745 2815 Septembri
775 2722 962 2806 Licestrius,
996 2718 1175 2814 expeditio-

236 2865 312 2910 nem
340 2859 560 2934 susceptauus,
592 2864 666 2912 eum
694 2840 766 2909 alios
797 2843 878 2908 bene
898 2840 1013 2909 multos
1034 2838 1174 2924 nobiles,

235 2979 307 3030 tum
327 2961 531 3032 Guilielmum
554 2985 702 3054 quoque,
723 2963 821 3030 socios
840 2962 1017 3048 arcessivit3
1041 2959 1177 3028 ducebat

236 3097 341 3148 autem
358 3080 532 3149 exercitum
548 3097 620 3148 octo
640 3079 772 3148 millium
794 3079 958 3172 peditum,
977 3079 1060 3146 mille
1071 3080 1173 3171 quin-

235 3209 402 3286 'gfflmmm
416 3201 578 3290 e(Initum,
599 3203 804 3292 primumque
821 3201 1058 3286 Dosoburgum‚
1080 3221 1177 3290 quam
1274 3231 1275 3234 ,

239 3318 351 3384 urbem
378 3316 468 3404 Regii
490 3320 659 3404 tenebant,
682 3320 794 3387 invasit
815 3337 846 3384 et
865 3318 1062 3410 expugnavit.
1095 3315 1176 3385 Inde

239 3451 338 3505 castra
380 3436 593 3528 Zutphaniam
631 3453 734 3524 mota3
785 3439 890 3504 aberat
927 3436 1007 3504 sorte
1049 3438 1178 3524 negotiis

239 3555 399 3623 districtus
430 3557 621 3642 Licestrius,
650 3581 723 3626 cum
745 3573 857 3650 quarto
878 3583 894 3622 a
917 3559 1024 3624 castris
1056 3555 1178 3623 milliari

240 3673 404 3742 Borkeloae
436 3673 532 3742 hostis
563 3673 724 3743 considere
747 3677 960 3743 nunciaretur.
1012 3675 1062 3741 lbi
1090 3676 1175 3743 Gui-

240 3791 359 3860 lielmus
378 3810 409 3860 et
426 3792 639 3882 Hohenlojus,
661 3811 802 3864 verentes
820 3819 860 3862 ne
880 3792 1100 3882 aggrederetur
1120 3819 1178 3887 per

243 3913 383 3980 tenebras
401 3913 588 3998 exeruitmn,
608 3913 810 3981 tumultuario
831 3939 925 4005 opere
943 3916 1060 3982 muniri
1082 3931 1189 3984 castra,

237 4032 366 4118 jubent.
410 4033 543 4100 Miratus
567 4057 635 4101 rem
656 4035 823 4112 Licesuius
844 4033 963 4118 redux,
986 4059 1099 4126 parum
1119 4034 1178 4100 sibi

245 4149 453 4220 honorificam
488 4152 616 4218 nimiam
647 4176 754 4220 corum
793 4151 983 4238 diligentiam
1023 4149 1184 4233 ostendit,
