3454 5658
583 995 667 1062 erat,
699 994 735 1044 ut
767 976 886 1068 reliqua
917 979 978 1044 vita
999 976 1225 1069 responderet,
1249 976 1304 1044 sed
1322 980 1425 1054 subito
1445 1004 1520 1048 mu.

585 1114 664 1164 tatus
687 1099 831 1181 animm,
854 1099 974 1187 quique
997 1098 1119 1188 primus
1142 1114 1331 1188 pertraxerat
1351 1101 1432 1168 cives
1453 1126 1523 1176 suos

488 1285 492 1293 ,
584 1221 619 1282 in
630 1217 761 1300 foederis
773 1219 948 1305 Trajectini
960 1219 1155 1301 societatem,
1178 1219 1298 1309 primus
1310 1243 1378 1286 eam
1389 1219 1520 1287 violavit.

584 1339 677 1404 Mens
706 1339 792 1404 enim
816 1339 883 1423 ejus
914 1339 1071 1404 nonsatis
1098 1353 1261 1421 constans,
1283 1339 1420 1408 resistere
1444 1363 1520 1424 cog-

583 1463 728 1524 natorum
760 1459 923 1548 precibus,
954 1473 1059 1549 partes
1088 1458 1183 1542 regias
1201 1455 1435 1547 amplexarum,
1457 1482 1522 1524 nou

582 1592 710 1666 poterat.
754 1574 958 1643 Accedebant
975 1576 1149 1642 Parmensis
1166 1575 1420 1666 pollicitationes,
1443 1578 1519 1666 qui-

583 1698 642 1770 bus
659 1720 745 1762 aures
764 1697 953 1789 praebebam
977 1697 1016 1762 ab
1044 1719 1145 1785 eoque
1172 1693 1247 1761 inde
1272 1711 1413 1784 tempore
1439 1719 1520 1785 pro-

583 1813 704 1880 dendae
725 1817 843 1905 patriae
866 1815 991 1878 consilia
1015 1815 1106 1896 iniit,
1129 1816 1171 1878 ita
1193 1829 1296 1878 tamen
1315 1829 1352 1878 ut
1371 1812 1518 1880 dissimu-

581 1931 681 1998 lanter
702 1930 808 2000 adhuc
828 1949 947 2018 ageret,
970 1929 1173 2002 meditaretur
1194 1950 1296 1998 autem
1317 1932 1520 2024 perpetrandi

581 2050 702 2116 sceleris
724 2054 1001 2142 opportunitatem.
1036 2050 1099 2118 Sed
1121 2069 1296 2144 suspectam
1312 2051 1435 2141 jamdiu
1453 2055 1520 2140 ejus

582 2169 681 2238 fidem
701 2171 858 2237 habebant
882 2172 992 2254 Frisii,
1015 2195 1053 2254 er
1075 2173 1321 2264 interceptisque
1329 2171 1439 2255 litteris
1451 2174 1518 2238 Co-

581 2287 682 2354 vordii
703 2285 881 2378 occupandi
902 2288 1065 2354 consilium
1083 2286 1271 2356 nudabatur.
1309 2290 1421 2358 Statim
1438 2315 1518 2384 pro-

581 2407 707 2474 ditionis
734 2407 815 2474 fama
851 2409 1035 2494 Trajectum
1067 2406 1107 2478 ad
1139 2408 1287 2476 Rhenum
1326 2409 1443 2500 perlata
1479 2409 1517 2474 ad

580 2529 859 2596 Arausionensem:
886 2526 985 2594 fidem
1007 2528 1032 2592 is
1057 2528 1196 2616 primum
1220 2551 1350 2614 negare,
1373 2527 1428 2594 scd
1449 2527 1516 2594 lec-

581 2649 618 2710 tis
638 2646 748 2712 litteris
770 2671 919 2714 arcessere
933 2623 1118 2732 ‘Comitem3
1144 2649 1283 2712 nectenti
1294 2671 1395 2714 moras
1405 2650 1518 2726 iterum

471 2801 472 2804 ¹
581 2762 745 2848 manda-e,
772 2781 809 2830 ut
826 2767 960 2858 Campos
985 2789 1017 2832 se
1043 2767 1231 2838 conveniret.
1275 2768 1404 2836 interim
1429 2770 1516 2838 Gro-

581 2886 677 2971 ningi
705 2886 939 2972 Rennebergius
968 2884 1021 2951 die
1052 2891 1071 2953 3
1104 2887 1211 2956 Martii
1236 2888 1319 2954 1580
1340 2887 1517 2978 potiebatur

581 3029 647 3071 non
669 3006 734 3071 sine
758 3029 868 3091 magna
893 2986 1008 3072 civium
1031 3002 1131 3072 caede.
1177 3006 1302 3074 Ceteros
1333 3007 1427 3088 item,
1460 3008 1517 3095 qui

580 3126 713 3217 imperio
729 3149 785 3190 suo
806 3141 993 3217 paruerant,
1022 3123 1202 3216 praesertim
1231 3123 1367 3206 accolas,
1399 3123 1513 3193 abalie-

579 3267 653 3312 nare
673 3270 690 3312 a
714 3241 943 3314 foederatorum
960 3245 1103 3334 partibus
1126 3239 1291 3328 studebat,
1316 3241 1410 3325 athi,
1434 3242 1515 3309 exosi

428 3444 433 3458 ι
476 3445 479 3450 .
581 3386 648 3430 rem
659 3361 737 3458 adeo
746 3361 921 3446 scelestam,
934 3360 1122 3436 obsidendae
1133 3362 1218 3428 urbis
1231 3360 1311 3430 duce
1323 3362 1513 3450 Computio,

579 3480 620 3550 ad
642 3484 732 3572 cujus
753 3480 901 3546 auxilium
919 3480 1068 3571 postridie
1078 3479 1264 3548 Bartholdus
1275 3483 1514 3556 Euteniuscum

579 3603 748 3670 Frisiorum
765 3626 861 3669 manu
882 3598 1062 3684 advolabat,
1084 3600 1209 3666 initium
1229 3597 1381 3664 secenmt.
1407 3598 1448 3665 (²)

615 3841 825 3918 (1)Fresinga,
850 3842 1013 3901 Memoriam,
1047 3837 1199 3904 pas-161.
1216 3861 1257 3878 ·-
1283 3838 1377 3907 lleyd,
1398 3839 1510 3892 Nederl.

579 3929 726 4000 Oorlogcn.
744 3931 764 3985 l.
777 3932 816 3986 ll.
826 3951 855 4001 p.
867 3937 908 3987 25.
926 3958 956 3974 —
972 3927 1036 3981 'th
1047 3925 1188 3990 Meter-en,
1207 3926 1226 3977 l.
1240 3927 1295 3979 111.
1312 3946 1339 3993 p.
1351 3929 1510 3997 82.573.1-

579 4019 654 4082 Βοτ,
683 4021 705 4074 Ι.
722 4021 791 4075 xlt.
808 4040 835 4088 p.
846 4022 890 4075 25.
906 4048 944 4066 -
960 4019 979 4070 Ι.
992 4015 1074 4070 XIV·
1091 4033 1119 4082 p.
1131 4019 1190 4086 187.
1207 4037 1246 4058 -·
1264 4015 1368 4080 llooft,
1387 4018 1405 4069 l.
1421 4017 1506 4068 rtttt

579 4109 679 4175 asso.
695 4140 725 4161 ..
742 4112 762 4164 1.
775 4110 857 4167 xvr.
875 4109 972 4177 ussa
990 4133 1018 4148 -
1038 4085 1262 4173 natussum.
1280 4106 1299 4157 ι.
1311 4106 1365 4158 ιιι.
1376 4105 1504 4173 assae.
