3454 5658
993 897 1035 961 52

548 1064 754 1132 familiaritatis
783 1068 964 1134 memoriam
986 1067 1050 1134 aliis
1075 1068 1109 1132 in
1129 1065 1275 1134 cubiculo
1295 1076 1487 1158 apponeret,

547 1187 667 1276 petenti
702 1203 837 1272 negaret.
893 1189 948 1253 llis
980 1186 1194 1277 similibusque
1219 1186 1361 1276 speciosis
1388 1209 1490 1269 argu··

547 1305 658 1369 mentis
699 1329 772 1372 usus
807 1305 948 1374 Hesselus
985 1293 1096 1373 nocere
1131 1305 1298 1373 Guilielmo
1331 1301 1489 1368 studebat.-

546 1421 608 1490 Sed
642 1448 743 1514 aequo
774 1427 799 1490 is
827 1427 931 1492 animo
958 1428 1087 1513 injurias
1111 1425 1212 1507 ferre,
1250 1424 1388 1489 misereri
1417 1445 1481 1513 po-

544 1545 603 1606 tina
632 1569 729 1634 quam
761 1545 946 1612 stomachari
977 1545 1143 1630 hominum
1186 1545 1371 1634 pravitatem
1406 1540 1481 1606 soli-

544 1678 602 1728 tus.
656 1664 720 1731 Ubi
751 1663 936 1746 desaevierat
969 1664 1130 1730 seditiosus
1161 1664 1277 1745 homo,
1310 1685 1403 1728 novas
1433 1659 1483 1724 alii

545 1783 649 1850 turbas
683 1785 785 1866 ciere,
829 1783 943 1850 referre
976 1783 1248 1863 Bultltenhorstio,
1289 1777 1485 1848 Elisabethae

541 1898 658 1984 legato,
692 1904 803 1968 misere
836 1904 1031 1995 provinciam
1061 1903 1215 1966 intestinis
1243 1897 1405 1966 discordiis
1425 1895 1480 1963 di-

541 2015 688 2102 lacerari,
724 1997 938 2087 Gubernatori
958 2018 1199 2112 Ordinibusque
1232 2017 1266 2084 id
1299 2020 1485 2110 praecipuae

544 2161 634 2203 cume
671 2163 751 2223 esse,
787 2157 823 2207 ut
857 2158 1111 2233 persequantur,
1144 2162 1352 2230 quoscunque
1375 2137 1484 2223 Anglis

541 2256 666 2325 studere
701 2261 918 2351 comperiant;
955 2261 1207 2329 Gubernatorem
1234 2258 1311 2326 adeo
1328 2257 1485 2349 postulare

531 2405 556 2440 a
592 2379 706 2470 copiis,
740 2396 775 2444 ut
806 2381 927 2466 ejurent
957 2381 1164 2462 Licesuium,
1193 2378 1255 2445 aliis
1273 2375 1481 2466 jurisjurandi

540 2521 571 2562 se
605 2496 670 2564 fide
694 2500 911 2586 obstringant3
950 2501 1030 2590 quin
1062 2501 1281 2580 centuriones,
1303 2497 1337 2563 id
1359 2522 1389 2562 se
1407 2497 1477 2563 sac-

541 2636 625 2684 tums
643 2618 778 2685 -fortiter
811 2636 978 2705 negantes,
1007 2643 1045 2684 ex
1068 2622 1136 2706 ejus
1158 2621 1286 2685 arbitrio
1306 2618 1480 2684 honoribus

464 2819 470 2834 ἱ
539 2738 662 2826 privari.
705 2738 887 2828 Repetitum
904 2761 1032 2828 quoque
1048 2737 1221 2804 litterarum
1236 2736 1428 2810 Elisabethae
1444 2739 1478 2802 in

540 2870 698 2920 conventu
713 2878 779 2920 non
798 2857 997 2936 recitatorum
1014 2857 1134 2921 crimen
1150 2854 1220 2922 fuit.
1260 2858 1320 2923 Has
1340 2855 1479 2946 querelas

541 2972 588 3038 rel
618 2997 712 3066 supra
745 2997 813 3040 rem
847 2991 967 3054 auctas,
996 2974 1045 3041 vel
1063 2999 1147 3040 mere
1168 2976 1397 3042 commenticias
1414 2998 1478 3038 esse

538 3089 805 3160 Bultltenhorstius
825 3111 929 3178 ratus,
953 3119 1018 3161 non
1040 3092 1116 3159 adiit
1136 3096 1283 3171 Frisium,
1306 3091 1361 3159 sed
1383 3119 1474 3160 com-

538 3214 661 3278 monuit
695 3235 754 3304 per
787 3213 949 3307 epistolam
972 3211 1132 3295 Ordines,
1154 3230 1190 3277 ut
1215 3211 1398 3280 concordiae
1423 3237 1476 3278 es-

537 3347 607 3396 seut
624 3330 773 3418 studiosi3
812 3331 925 3424 quodsi
947 3335 1172 3418 ingravesceret
1194 3332 1330 3414 malum,
1353 3331 1474 3399 adven-

538 3466 606 3516 tum
629 3473 723 3515 suum
741 3467 969 3540 exspectarent.
1014 3453 1126 3516 Missus
1147 3468 1253 3516 autern
1274 3447 1325 3516 die
1344 3455 1384 3519 28
1397 3454 1476 3539 Maji

538 3568 741 3637 Leovardiam
768 3569 950 3651 Bardesius,
983 3593 1051 3636 rem
1071 3570 1294 3662 exploraturus.
1339 3572 1473 3639 Guiliel-

538 3713 607 3754 mus
626 3692 772 3779 primum
796 3692 835 3756 ab
860 3715 896 3756 eo
925 3692 1148 3776 interrogatus,
1183 3688 1316 3756 candide
1347 3692 1477 3776 negabat

537 3829 569 3872 se
589 3808 648 3872 sibi
664 3807 872 3894 jurisjurandi
894 3811 1054 3874 conscium
1074 3833 1157 3892 csse,
1186 3807 1225 3875 ad
1252 3808 1340 3899 quod
1367 3809 1476 3876 milites

532 3928 707 4013 adegissetr
738 3943 838 3993 cetera
870 3951 997 4018 quoque
1025 3931 1128 3994 omnia
1159 3927 1230 3992 salsa
1259 3951 1331 3994 esse.
1383 3930 1474 3994 Con-
1523 4019 1528 4026 1

537 4044 676 4111 cordiam
697 4047 992 4134 inter.magistratus
1013 4049 1155 4139 civesque
1179 4049 1329 4136 optimam
1349 4047 1475 4129 haberi,
1492 4137 1518 4144 ..

534 4145 686 4256 praesidia
726 4168 786 4232 'rite
807 4165 974 4238 ‘ordinatu
1035 4165 1133 4256 Quod
1170 4151 1256 4232 vero
1276 4166 1476 4247 lacrimosum
