3454 5658
972 911 991 972 6

508 1081 652 1173 probavit
669 1103 776 1148 rerum
808 1098 947 1150 eventus.
992 1057 1178 1146 Guilielmus
1203 1080 1237 1162 l,
1270 1079 1360 1166 cujus
1389 1080 1450 1144 vita

399 1199 401 1204 ’
507 1204 542 1268 in
569 1203 703 1293 primam
733 1204 799 1289 ejus
827 1199 902 1266 belli
929 1214 1059 1265 aetatem
1088 1196 1221 1282 incidit,
1245 1196 1393 1263 educatus
1414 1199 1448 1262 in

507 1319 573 1386 aula
595 1319 698 1387 Caroli
718 1321 769 1403 V,
798 1317 936 1385 indolem
962 1319 1060 1403 gentis
1085 1317 1269 1408 Hispanicae
1292 1339 1447 1402 cognove-

506 1455 574 1523 rat,
611 1455 642 1503 et
672 1437 847 1529 profecerat
883 1433 958 1518 inde
991 1435 1129 1503 multum
1173 1435 1213 1502 ad
1255 1451 1450 1527 tempestates

505 1559 694 1642 gravimmtu
716 1530 808 1625 acuto
832 1556 958 1624 consilio
981 1554 1171 1624 avertendas.
1213 1554 1449 1622 Prudentissimi

505 1678 566 1743 viri
585 1701 678 1770 opera
695 1693 822 1743 eatenus
840 1699 944 1743 causae
969 1692 1090 1743 nostrae
1117 1675 1258 1767 profuit,
1287 1690 1324 1740 ut
1347 1673 1446 1740 liber-

506 1797 574 1861 tatis
599 1795 802 1863 fundamenta
826 1811 911 1860 recte
934 1797 974 1860 ab
998 1819 1035 1861 eo
1057 1797 1156 1888 posita
1184 1796 1269 1879 sint3
1300 1794 1447 1886 require—

497 1893 593 1981 retur
608 1893 729 1998 cirtem,
750 1913 871 2006 quiillo
882 1911 968 1979 baud
986 1913 1115 1980 inferior
1134 1912 1306 2006 prudentia
1325 1929 1357 1980 et
1373 1915 1447 1979 ani-

503 2035 548 2101 mi
571 2032 806 2119 magnitudine,
824 2048 999 2122 susceptam
1026 2057 1095 2098 rem
1119 2032 1313 2099 laudabiliter
1338 2056 1447 2123 perse·

506 2168 655 2241 queretur
671 2177 708 2220 ae
723 2167 963 2220 consummaret.
993 2152 1105 2218 Talem
1123 2151 1264 2243 profecto
1281 2151 1448 2218 Mauritius

505 2293 536 2335 se
561 2271 724 2360 probavit,
754 2271 812 2362 qui
841 2271 925 2361 patri
955 2269 1124 2337 Guilielmo
1151 2271 1259 2336 ceteris
1283 2270 1449 2336 virtutibus

504 2413 583 2479 par,
616 2390 772 2480 superstit
799 2413 873 2455 eum
905 2387 1099 2458 fortitudinis
1127 2387 1239 2471 laude,
1272 2389 1449 2480 mentisque

505 2506 667 2598 alacritate.
721 2508 845 2576 florum
863 2507 1103 2575 duumvirorum
1123 2508 1240 2574 meritis
1259 2509 1326 2572 siue
1351 2505 1450 2574 dubio

507 2625 715 2693 tribuendum
736 2629 868 2706 manime
889 2644 955 2712 est,
977 2644 1014 2694 ut
1029 2649 1068 2694 era
1083 2629 1253 2696 miserrima
1272 2622 1448 2692 conditione

506 2746 614 2814 laetius
636 2748 804 2814 surrexerit
825 2747 1002 2838 respublica
1021 2763 1146 2832 nostra3
1178 2762 1315 2812 attamen
1336 2746 1448 2831 ingrati

505 2868 601 2958 animi
631 2889 868 2950 accusaremur,
908 2869 935 2932 si
968 2866 1098 2933 aliorum
1129 2863 1292 2932 salutarem
1321 2889 1448 2956 operam

504 2984 626 3064 silentio
645 2988 971 3078 praetermitteremus.
1004 2986 1043 3051 ln
1068 3009 1206 3080 quorum
1224 3009 1356 3052 numero
1375 3010 1447 3051 cum

503 3104 553 3170 alii
575 3106 656 3171 bene
676 3104 768 3171 multi
787 3121 1006 3188 recensentur,
1031 3119 1116 3188 tum,
1139 3105 1197 3194 qui
1216 3127 1234 3168 e
1252 3120 1343 3189 gente
1362 3105 1444 3169 Nas-

490 3225 583 3291 vsavia
610 3240 717 3308 ortus,
747 3224 838 3291 nobis
869 3221 1041 3290 disserendi
1072 3223 1231 3288 materiam
1252 3222 1448 3314 praebebit,

448 3355 453 3362 “
507 3341 691 3407 Guilielmus
713 3341 911 3428 Ludovicus,
931 3344 1042 3410 Frisiae
1061 3359 1093 3407 et
1114 3343 1292 3427 Groningae
1314 3343 1446 3408 Guber-
1480 3339 1482 3347 '

506 3475 606 3550 nator.
644 3461 705 3526 Hic
724 3460 825 3550 qualis
845 3479 1045 3552 quantusque
1068 3460 1181 3544 fuerit,
1201 3483 1348 3550 quaerere
1365 3483 1445 3552 ope-

508 3601 558 3644 rae
588 3581 726 3671 pretium
752 3595 816 3646 est:
847 3581 884 3645 in
917 3604 983 3671 quo
1010 3580 1051 3643 ita
1080 3581 1290 3662 versabimur,
1319 3595 1356 3644 ut
1384 3595 1448 3645 tres

508 3702 688 3792 praecipuas
709 3700 788 3766 vitae
811 3702 877 3787 ejus
905 3715 1007 3790 partes
1036 3698 1211 3785 singulatim
1238 3722 1446 3788 exponamus,

486 3820 620 3916 ¹bisque
651 3821 779 3886 brevem
806 3817 845 3884 de
873 3819 998 3904 ingenio
1016 3819 1084 3905 ejus
1105 3836 1136 3884 et
1157 3820 1191 3884 in
1221 3817 1445 3908 rempublicam

509 3939 624 4009 meritis
648 3937 853 4027 adjungamus
873 3937 1128 4029 disquisitionem.

896 4165 1066 4193 ὠθο-
