3456 5676
711 939 771 1006 205

271 1092 355 1179 initis
378 1113 452 1178 inde
477 1110 610 1178 induciis
635 1111 747 1195 suerit,
771 1115 896 1202 quantis
918 1115 957 1178 ab
982 1131 1110 1181 externo
1132 1111 1208 1183 hosa
1287 1103 1288 1110 ἵ

274 1251 304 1299 tc
325 1231 461 1326 depulsis
482 1231 627 1325 periculis
653 1248 788 1321 quantae
818 1235 1021 1299 successerint
1048 1236 1209 1300 intestinae

273 1352 472 1432 calamitates,
505 1375 606 1442 quum
640 1349 822 1418 abscondito
852 1351 954 1438 gladio
977 1354 1025 1440 agi
1051 1355 1211 1446 scribique

273 1471 313 1538 de
350 1470 494 1558 religione
530 1473 652 1563 coepit,
686 1473 757 1536 satis
790 1470 890 1539 eheu!
927 1489 1057 1539 constat.
1113 1475 1210 1540 Vetus

272 1593 417 1676 Batavis,
441 1593 569 1658 beatior-i
588 1591 658 1657 luce
680 1613 788 1656 recens
808 1589 979 1673 illustrata,
1002 1595 1103 1681 eique
1127 1590 1209 1658 duce

274 1727 305 1776 ct
324 1713 513 1798 instigatrice
534 1709 573 1776 ad
595 1733 699 1779 veram
717 1709 891 1776 libertatem
911 1735 985 1776 cum
1001 1710 1122 1776 civilem
1143 1727 1213 1776 tum
1240 1733 1246 1748 ·

274 1830 420 1897 moralem
449 1828 578 1896 tendere
613 1847 744 1912 conata,
787 1831 925 1922 turpiter
955 1854 1023 1895 eam
1053 1828 1213 1912 deseruit,

277 1973 336 2015 nec
358 1951 417 2015 nisi
436 1949 615 2036 gratissimis
644 1950 780 2040 acceptis
804 1947 999 2014 detrimentis
1023 1948 1063 2014 ad
1092 1973 1160 2016 cam
1184 1975 1215 2015 se

275 2069 414 2135 converti
441 2065 547 2134 denuo
567 2091 653 2158 passa
679 2084 735 2134 est.
780 2069 854 2158 Qua
887 2093 977 2134 coeca
1001 2067 1132 2134 libidine
1156 2071 1214 2134 etsi

275 2187 434 2252 ferrentur
458 2188 620 2279 praecipui
640 2189 760 2279 quique
781 2187 816 2252 in
848 2168 974 2254 civitate¹
992 2189 1072 2270 riri,
1096 2187 1214 2271 sactum

278 2303 434 2372 Guilielmi
469 2307 585 2397 operia,
621 2323 657 2371 ut
688 2307 785 2372 Frisia
817 2323 881 2374 tota
907 2305 1049 2398 duaeque
1080 2296 1238 2399 reliquae*

275 2425 343 2511 ejus
364 2425 541 2516 provinciae
560 2442 714 2494 ‘carerent
759 2426 829 2517 lpse
854 2426 939 2493 enim
963 2425 1124 2494 doctrinae
1134 2427 1213 2493 'Cal-

276 2545 435 2612 vinisticae
456 2543 574 2626 fautor,
613 2560 732 2610 caverat
765 2545 810 2609 ibi
844 2569 884 2610 ne
917 2546 1069 2613 contraria
1102 2545 1214 2638 placita

276 2661 531 2745 vindicarentur,
555 2687 632 2729 neve
660 2680 761 2730 essent
782 2663 954 2745 antistites,
976 2666 1033 2754 qui
1059 2665 1108 2729 his
1132 2687 1213 2756 prn-

278 2782 426 2875 pagandis
454 2785 489 2849 in
519 2809 637 2851 errores
674 2782 862 2850 inducerent
893 2785 974 2851 cives
998 2784 1052 2851 (a),
1095 2785 1215 2851 iccirco

277 2906 494 2972 controversiis
526 2905 733 2972 ecclesiasticis
772 2905 872 2970 ubivis
907 2906 1065 2986 excitatis,
1120 2903 1216 2997 paulo

277 3025 491 3092 vehementius
522 3027 588 3112 ejus
617 3022 761 3092 adversus
795 3024 883 3108 illos,
917 3026 974 3115 qni
1002 3041 1109 3091 contra
1137 3048 1216 3089 sen--

279 3147 419 3223 tiebant,
466 3142 606 3209 studium
649 3145 683 3208 in
733 3145 855 3208 bonum
909 3141 1072 3234 publicum
1118 3144 1216 3208 cessit.

316 3425 358 3493 (ι)
387 3424 534 3486 Bijzoruler
556 3423 659 3489 &verde
681 3421 721 3486 1ιῆ
741 3437 808 3468 voor
829 3419 875 3468 Iret
897 3428 1064 3470 vnortzetten
1090 3437 1143 3471 van
1164 3422 1215 3471 den

279 3513 467 3566 Ilervormden
490 3511 675 3571 condiens,
694 3509 738 3560 als
759 3507 833 3557 mede
853 3526 921 3559 voor
936 3509 968 3558 cle
987 3509 1149 3560 zuiverlreid
1170 3511 1217 3560 der

282 3605 341 3655 leet
357 3603 505 3672 ’tegensde
535 3609 600 3652 toan
630 3600 814 3670 inkruipende·
840 3599 1065 3668 Pelagiaanrclra
1093 3599 1218 3652 simulin-

280 3711 343 3762 gen.
366 3689 456 3742 t'oete
474 3688 604 3758 Smerde,
623 3707 650 3754 p·
672 3688 730 3742 185·
749 3717 781 3734 ‹-
815 3692 856 3741 Iae
879 3691 972 3740 Ovmte
995 3687 1156 3740 Guillaume
1177 3697 1220 3740 est

278 3781 359 3850 parti
375 3781 409 3831 de
425 3779 456 3830 la
476 3782 560 3847 Haye
580 3796 653 3847 pour
671 3796 715 3830 ses
746 3780 965 3830 Gouvernemens
990 3778 1022 3828 de
1041 3778 1121 3827 Frisa
1140 3779 1219 3830 etde

286 3871 448 3938 Groningue
460 3871 540 3938 (Dec.
555 3869 652 3937 1617),
666 3867 703 3918 ori
714 3867 736 3920 1’
741 3886 775 3920 on
799 3869 925 3938 apprend
943 3885 996 3938 que
1015 3868 1147 3938 quelques
1157 3869 1219 3918 Ar-

284 3959 400 4009 miniena
417 3967 600 4008 contruncent
619 3956 682 4010 cisa
693 3967 834 4016 montrara
854 3975 883 4008 ce
901 3957 950 4026 qui
966 3956 1010 4007 lui
1026 3973 1047 4006 n
1054 3956 1120 4026 fuit
1135 3955 1217 4008 laeter

285 4065 334 4099 son
353 4031 469 4115 vcyage.
512 4043 620 4096 Lettres
646 4045 680 4096 dc
712 4044 851 4098 Carletnn.
880 4043 914 4098 Τ.
934 4045 972 4096 lt.
991 4063 1019 4110 p.
1040 4043 1096 4098 154.
1116 4044 1214 4094 -Ctt

284 4135 409 4202 'l'cgenun
427 4142 494 4186 stant
512 4154 537 4188 r.
558 4134 712 4189 Vricsland.
731 4136 767 4188 Ι).
788 4134 841 4187 Ν.
859 4153 885 4202 p.
903 4134 964 4187 558.
991 4133 1070 4201 Yprij
1089 4150 1121 4184 cn
1143 4133 1218 4184 Der.

285 4233 369 4278 munt.
389 4227 444 4294 Op.
463 4225 512 4284 cit.
532 4225 566 4276 D·
586 4225 669 4291 11.p.
689 4229 746 4296 176·
764 4243 841 4293 seqq.
