3408 5664
969 891 1029 962 tel

523 1093 544 1136 »
566 1065 626 1140 hac
660 1069 797 1137 famelica
832 1069 924 1137 turba
951 1067 1077 1136 facilem
1104 1063 1267 1135 foederatis
1305 1044 1466 1134 viemrinn

523 1210 545 1255 »
567 1190 727 1272 sutmam,
772 1189 868 1256 nolite
901 1185 1049 1270 credere,
1085 1186 1204 1252 etianni
1234 1186 1377 1275 equitatu
1408 1184 1466 1252 illis

524 1333 546 1373 »
568 1324 782 1400 praestemus,
808 1333 881 1374 nam
899 1309 1011 1374 nostris
1035 1305 1126 1391 longe
1147 1305 1331 1372 Albertinae
1348 1302 1463 1396 pedes-

524 1444 628 1492 »tres
661 1429 768 1520 copiae
804 1425 1015 1510 antecellunt,
1060 1426 1176 1515 quibus
1197 1422 1275 1490 adeo
1298 1448 1365 1492 non
1387 1449 1465 1516 epus

523 1573 545 1612 »
566 1565 632 1630 est,
656 1563 693 1612 ut
716 1549 858 1614 universa
882 1545 992 1638 proelii
1014 1543 1211 1612 dimicatione
1231 1568 1339 1610 rerum
1365 1567 1464 1612 even-

524 1690 546 1730 »
569 1681 638 1730 tum
661 1665 834 1750 ditintant,
857 1658 893 1732 n't
914 1689 1040 1731 omnem
1060 1665 1193 1730 vicinam
1211 1665 1371 1749 regionem
1392 1689 1467 1730 cum

526 1811 547 1850 »
569 1783 755 1850 fluminibus
777 1803 810 1851 et
831 1783 957 1877 oppidis
976 1785 1011 1849 in
1031 1799 1184 1875 potestate
1204 1783 1377 1866 habentes,
1399 1785 1463 1849 im-

525 1905 660 1970 »motis
691 1907 797 1970 castris
827 1902 1036 1970 intercludere
1068 1921 1243 1970 commeatu
1265 1905 1366 1996 copias
1388 1927 1466 1970 nos·

524 2049 546 2088 »
569 2040 631 2088 tras
653 2024 782 2114 possint.
827 2026 939 2113 Neque
960 2047 1035 2090 vero
1060 2021 1188 2089 credere
1208 2021 1380 2090 absurdum
1400 2038 1467 2107 est,

525 2168 546 2208 »
568 2141 652 2208 idem
677 2140 766 2232 qnod
789 2159 861 2208 ante
881 2144 1050 2226 Mentiti03
1064 2167 1166 2231 quum
1175 2141 1378 2210 Dunlaerlsam
1396 2165 1466 2208 me-

526 2289 547 2328 »
569 2261 743 2344 ditaretur,
766 2259 902 2345 accidit,
925 2262 1040 2328 nostris
1068 2277 1276 2346 eventurum,
1309 2277 1346 2328 ut
1368 2261 1470 2328 clamo

527 2409 547 2448 »
568 2385 769 2472 Neoportano
796 2381 895 2448 canali
918 2379 1118 2473 praecidatur
1138 2379 1179 2446 ad
1199 2379 1377 2448 Ostendam
1398 2382 1468 2448 iter.

526 2527 547 2566 »
569 2503 673 2588 Hujus
694 2501 719 2566 si
740 2499 900 2568 evitandae
919 2499 1111 2566 difficultatis
1138 2503 1229 2566 causis
1247 2500 1361 2566 malitis
1382 2502 1469 2568 Neo-

494 2691 497 2696 ,
528 2647 549 2686 »
571 2636 701 2710 portum
725 2621 813 2711 prius
834 2643 1029 2712 expugnare,
1042 2617 1233 2702 accidet,ut
1253 2618 1471 2686 Dunkerksnis

526 2736 696 2804 »idoneae
729 2761 804 2828 opes
834 2737 1089 2829 suppeditentur.
1143 2743 1347 2832 Occupatum
1378 2743 1466 2808 Neo-

526 2872 699 2947 »portum
730 2857 899 2924 necessario
930 2855 1169 2924 defendendum
1203 2859 1360 2949 praesidio
1389 2863 1468 2944 erit,

526 2999 548 3038 »
569 2991 602 3039 et
621 2971 693 3066 plus
712 2973 867 3068 impendii
888 2979 1047 3068 requiret,
1071 3004 1167 3070 quam
1185 2981 1355 3071 praestabit
1376 3005 1467 3048 emo-

527 3119 548 3160 »
569 3091 722 3177 lumenti,
743 3095 770 3160 si
798 3093 954 3185 quidem,
983 3098 1094 3166 vicinis
1125 3098 1252 3191 oppidis
1279 3117 1312 3166 et
1342 3100 1469 3168 castellis

527 3239 548 3278 »
570 3211 704 3283 Albertc
726 3216 933 3303 parentibus,
965 3215 1099 3308 praedae
1124 3242 1184 3308 per
1217 3218 1396 3284 Flandriam
1417 3219 1467 3284 fa-

529 3359 549 3399 »
572 3331 699 3414 ciendae
721 3333 824 3400 nnllns
849 3334 936 3402 locus
958 3337 1028 3404 erit.
1073 3335 1137 3404 Sed
1160 3337 1258 3404 missis
1283 3338 1332 3406 his
1360 3341 1467 3406 omni-

443 3543 447 3552 ·
529 3474 549 3515 »
571 3451 654 3535 hus,
678 3475 758 3541 quae
787 3454 951 3537 recensui,
974 3452 1231 3545 impedimentis,
1254 3457 1372 3522 etiamsi
1394 3458 1467 3548 pri-

529 3593 550 3632 »
571 3593 625 3636 mo
659 3571 781 3661 impetu
811 3572 981 3639 Dunlserlra
1018 3575 1178 3666 capiatur,
1224 3601 1332 3644 nonne
1365 3594 1469 3644 tamen

527 3713 550 3752 »
571 3689 740 3756 verosimile
760 3706 829 3774 est,
864 3691 964 3759 multo
985 3692 1081 3760 levius
1102 3693 1245 3761 hostibus
1273 3695 1341 3762 sore
1369 3720 1466 3764 recu-

529 3831 550 3871 »
571 3806 727 3897 perandae
751 3811 931 3894 negotium,
976 3837 1072 3904 qnam
1103 3815 1262 3904 superiore
1299 3837 1384 3882 anno
1412 3840 1467 3881 ca-

529 3953 550 3991 »
572 3925 705 4017 piendae
740 3929 925 3996 Bommeliae
958 3931 1217 4017 Mendosae,si
1253 3933 1302 4000 vel
1336 3935 1469 4001 maxime

527 4047 633 4113 »frui
665 4047 689 4112 is
719 4051 955 4140 opportunitate
979 4053 1140 4120 scivisset?
1175 4055 1356 4142 Quocirca,
1388 4053 1467 4120 mihi

528 4194 548 4232 »
570 4165 709 4252 credite,
733 4171 834 4236 breve.
849 4174 964 4238 erit'ex
984 4174 1110 4245 victoria
1130 4171 1299 4258 gaudium,
1328 4198 1367 4238 ex
1389 4175 1465 4238 uni-
