3454 5658
1012 880 1054 944 42

560 1047 743 1116 fortitudine
773 1049 931 1118 meliorem
961 1073 1067 1116 rerum
1100 1047 1309 1118 conditionem
1344 1071 1505 1141 quaerere,

561 1167 709 1258 Quorum
744 1166 853 1234 studiis
883 1166 989 1236 callide
1020 1166 1441 1256 Ve1·dugoobsecundabat;
1470 1193 1508 1234 se·

561 1288 660 1354 invito
678 1285 908 1378 expeditionem
928 1303 1104 1378 susceptam
1124 1287 1291 1372 simulans,
1316 1290 1506 1358 misererier

562 1407 682 1472 'tristem
699 1405 825 1474 illorum
843 1423 977 1492 sortem,
997 1407 1170 1474 abominari
1191 1407 1403 1474 Taxianorum
1414 1421 1501 1474 atro-

561 1528 706 1610 citatem,
742 1541 775 1592 et
796 1542 962 1602 cautorum
989 1527 1025 1590 in
1045 1529 1228 1618 posterum,
1267 1548 1308 1592 ne
1330 1522 1506 1592 istirrsmodi-

560 1643 666 1714 denuo
688 1645 870 1712 calamitates
890 1643 1076 1713 acciderent.
1129 1645 1256 1712 Danum
1277 1667 1406 1735 quoque
1427 1642 1505 1710 Ste-

562 1787 680 1832 nonem
701 1763 900 1848 Maltesium,
928 1787 1026 1854 quem
1048 1763 1208 1854 captivum
1226 1763 1371 1846 tenebat,
1389 1786 1504 1852 quum

563 1884 670 1974 expeti
690 1905 765 1948 eum
785 1908 802 1950 a
826 1884 942 1950 Daciae
965 1883 1048 1970 Rege
1071 1879 1212 1968 audiret,
1241 1882 1307 1950 sine
1332 1879 1505 1950 redemtio-

564 2003 613 2066 nis
647 2002 750 2092 pretio
783 1998 920 2086 dimisit,
951 2001 1072 2101 efficere
1103 2024 1161 2092 per
1190 2024 1266 2068 eum
1293 1997 1444 2084 studens,
1467 2016 1503 2066 ut

444 2136 453 2150 “
564 2117 749 2187 Guilielmus
778 2117 818 2184 ad
848 2117 988 2188 inducias
1020 2117 1227 2212 pelliceretur.
1272 2093 1317 2188 At'
1348 2142 1421 2188 vero
1451 2119 1507 2198 bie

563 2239 707 2306 astutiam
739 2237 874 2305 bominis
909 2255 1105 2331 perspectam
1138 2239 1284 2323 babens,
1318 2239 1433 2306 veritus
1466 2261 1505 2304 ne

565 2353 677 2440 Frisii,
700 2357 785 2449 capti
805 2355 899 2423 semel
920 2358 1033 2448 quietis
1053 2349 1220 2440 illecebris,
1240 2355 1280 2423 ad
1302 2355 1420 2424 bellmn
1440 2373 1510 2422 tar·

562 2471 634 2540 dius
655 2471 806 2566 deinceps
827 2471 1056 2564 procederent,
1078 2473 1179 2541 noluit
1202 2497 1323 2540 morem
1345 2473 1374 2538 ei
1390 2493 1505 2558 gerere.

564 2597 683 2664 Contra
703 2596 738 2658 in
759 2593 888 2660 salutem
911 2593 1088 2685 provinciae
1108 2617 1215 2662 omnes
1237 2615 1324 2660 curas
1342 2588 1506 2676 intenditg

563 2712 750 2778 Licestrium
779 2735 888 2778 mense
915 2713 1085 2778 Februario
1112 2735 1172 2802 per
1200 2711 1314 2780 litteras
1335 2710 1376 2779 de
1399 2703 1507 2776 redum

562 2847 644 2898 statu
673 2831 836 2899 certiorem
865 2831 959 2917 facit3
991 2833 1104 2922 repetit
1124 2831 1199 2899 belli
1220 2855 1357 2898 caussam
1376 2857 1394 2896 a
1416 2833 1503 2898 Gro-

563 2951 675 3036 ningae
695 2947 892 3035 defectione3
915 2951 954 3016 ab
966 2973 1003 3016 eo
1014 2967 1155 3043 tempore
1166 2949 1309 3041 plurimis
1322 2949 1505 3018 calamitati-

563 3073 623 3136 bus
644 3069 773 3134 Frisiam
794 3067 969 3161 adsiiasque
981 3071 1119 3156 regiones
1130 3069 1299 3154 laborasse,
1317 3091 1421 3159 neque
1432 3093 1505 3136 ma-

566 3179 669 3254 lorum
680 3185 888 3278 laborumque
900 3187 999 3254 finem
1010 3203 1082 3267 ante
1100 3190 1270 3281 exspectari
1286 3211 1375 3280 posse
1387 3188 1505 3272 ullum,

564 3331 661 3396 quam
693 3323 874 3399 recuperata
905 3308 1030 3392 civitas,
1064 3323 1096 3373 et
1127 3306 1249 3397 expulsi
1276 3308 1401 3394 regione
1428 3309 1506 3374 His-

563 3427 639 3515 pani
674 3424 789 3492 forent.
844 3428 995 3517 Quamvis
1026 3451 1101 3512 ergo
1123 3425 1214 3512 longe
1243 3442 1402 3518 praestare
1420 3426 1503 3492 exis-

563 3545 708 3630 timaret,
741 3547 938 3632 Groningarn
958 3547 1062 3612 statim
1088 3543 1191 3612 valido
1210 3546 1347 3612 exercitu
1365 3545 1504 3624 circum-2

562 3665 688 3747 venire,
722 3681 825 3730 tamen
856 3665 984 3755 poscere
1018 3679 1065 3732 tot
1096 3667 1199 3756 copias
1225 3664 1400 3748 auxiliares,
1426 3679 1505 3754 quot

563 3781 602 3846 ad
626 3781 831 3850 obsidendam
849 3786 1004 3853 civitatem
1022 3784 1219 3868 sufficerent,
1241 3809 1272 3850 se
1290 3809 1356 3852 non
1373 3781 1503 3850 audere:

485 3991 487 3995 .
564 3899 714 3969 credibile
750 3904 835 3969 enim
867 3927 931 3969 esse
969 3903 1030 3970 aliis
1065 3902 1316 3995 expeditionibus
1350 3905 1505 3970 universas

481 4052 482 4055 ¹
563 4019 741 4088 adhibitum
762 4023 818 4106 iri3
844 4039 978 4089 attamen
997 4021 1081 4089 idem
1101 4023 1263 4091 consilium
1281 4023 1391 4090 leviore
1409 4023 1524 4112 operb¹

563 4139 643 4208 effici
676 4165 783 4231 posse,
833 4143 858 4210 si
905 4140 1123 4224 clauderentur
1167 4141 1273 4210 Amasi
1308 4159 1338 4208 et
1372 4141 1508 4226 Visurgis
