<?xml version="1.0" encoding="UTF-8"?>
<!DOCTYPE html PUBLIC "-//W3C//DTD XHTML 1.0 Transitional//EN"
    "http://www.w3.org/TR/xhtml1/DTD/xhtml1-transitional.dtd">
<html xmlns="http://www.w3.org/1999/xhtml" xml:lang="en" lang="en">
 <head>
  <title>
</title>
<meta http-equiv="Content-Type" content="text/html;charset=utf-8" />
  <meta name='ocr-system' content='tesseract 3.04.00' />
  <meta name='ocr-capabilities' content='ocr_page ocr_carea ocr_par ocr_line ocrx_word'/>
</head>
<body>
  <div class='ocr_page' id='page_1' title='image "./diatribeinguili00heusgoog_0079.png"; bbox 0 0 3432 5666; ppageno 0'>
   <div class='ocr_carea' id='block_1_1' title="bbox 672 875 712 942">
    <p class='ocr_par' dir='ltr' id='par_1_1' title="bbox 672 875 712 942">
     <span class='ocr_line' id='line_1_1' title="bbox 672 875 712 942; baseline 0.025 -1"><span class='ocrx_word' id='word_1_1' title='bbox 672 875 712 942; x_wconf 81' lang='lat'><strong>57</strong></span> 
     </span>
    </p>
   </div>
   <div class='ocr_carea' id='block_1_2' title="bbox 224 1019 1159 1140">
    <p class='ocr_par' dir='ltr' id='par_1_2' title="bbox 224 1019 1159 1140">
     <span class='ocr_line' id='line_1_2' title="bbox 224 1019 1159 1140; baseline -0.006 -23"><span class='ocrx_word' id='word_1_2' title='bbox 224 1048 319 1139; x_wconf 82' lang='lat' dir='ltr'><strong>copiis</strong></span> <span class='ocrx_word' id='word_1_3' title='bbox 344 1051 545 1118; x_wconf 79' lang='lat' dir='ltr'><strong>Gubernator</strong></span> <span class='ocrx_word' id='word_1_4' title='bbox 573 1019 755 1140; x_wconf 65' lang='lat' dir='ltr'><strong>Nemplium</strong></span> <span class='ocrx_word' id='word_1_5' title='bbox 782 1071 813 1114; x_wconf 88' lang='lat' dir='ltr'><strong>se</strong></span> <span class='ocrx_word' id='word_1_6' title='bbox 839 1047 979 1130; x_wconf 85' lang='lat' dir='ltr'><strong>confert,</strong></span> <span class='ocrx_word' id='word_1_7' title='bbox 1007 1049 1062 1112; x_wconf 93' lang='lat' dir='ltr'><strong>ubi</strong></span> <span class='ocrx_word' id='word_1_8' title='bbox 1093 1063 1159 1111; x_wconf 83' lang='lat' dir='ltr'><strong>tra-</strong></span> 
     </span>
    </p>
   </div>
   <div class='ocr_carea' id='block_1_3' title="bbox 152 1167 1172 3896">
    <p class='ocr_par' dir='ltr' id='par_1_3' title="bbox 152 1167 1168 2577">
     <span class='ocr_line' id='line_1_3' title="bbox 152 1167 1162 1258; baseline 0.001 -27"><span class='ocrx_word' id='word_1_9' title='bbox 152 1193 153 1196; x_wconf 45' lang='lat'><em>*</em></span> <span class='ocrx_word' id='word_1_10' title='bbox 219 1169 361 1254; x_wconf 80' lang='lat' dir='ltr'><strong>jectinus</strong></span> <span class='ocrx_word' id='word_1_11' title='bbox 378 1192 426 1234; x_wconf 87' lang='lat' dir='ltr'><strong>eas</strong></span> <span class='ocrx_word' id='word_1_12' title='bbox 446 1167 583 1250; x_wconf 86' lang='lat' dir='ltr'><strong>flumen,</strong></span> <span class='ocrx_word' id='word_1_13' title='bbox 605 1170 700 1258; x_wconf 69' lang='lat' dir='ltr'><strong>operi</strong></span> <span class='ocrx_word' id='word_1_14' title='bbox 723 1169 930 1250; x_wconf 79' lang='lat' dir='ltr'><strong>centurionis,</strong></span> <span class='ocrx_word' id='word_1_15' title='bbox 953 1168 1026 1257; x_wconf 91' lang='lat' dir='ltr'><strong>qui,</strong></span> <span class='ocrx_word' id='word_1_16' title='bbox 1049 1182 1162 1258; x_wconf 77' lang='lat' dir='ltr'>utpote</span> 
     </span>
     <span class='ocr_line' id='line_1_4' title="bbox 223 1288 1160 1381; baseline -0.002 -29"><span class='ocrx_word' id='word_1_17' title='bbox 223 1313 240 1352; x_wconf 83' lang='lat' dir='ltr'><strong>e</strong></span> <span class='ocrx_word' id='word_1_18' title='bbox 262 1288 374 1352; x_wconf 84' lang='lat' dir='ltr'><strong>teneris</strong></span> <span class='ocrx_word' id='word_1_19' title='bbox 392 1289 555 1373; x_wconf 82' lang='lat' dir='ltr'><strong>tignarius,</strong></span> <span class='ocrx_word' id='word_1_20' title='bbox 577 1305 675 1381; x_wconf 87' lang='lat' dir='ltr'><strong>ponte</strong></span> <span class='ocrx_word' id='word_1_21' title='bbox 698 1288 816 1354; x_wconf 87' lang='lat' dir='ltr'><strong>flumen</strong></span> <span class='ocrx_word' id='word_1_22' title='bbox 837 1289 970 1375; x_wconf 83' lang='lat' dir='ltr'><strong>jungere</strong></span> <span class='ocrx_word' id='word_1_23' title='bbox 989 1309 1080 1380; x_wconf 85' lang='lat' dir='ltr'><strong>posse</strong></span> <span class='ocrx_word' id='word_1_24' title='bbox 1094 1311 1160 1378; x_wconf 87' lang='lat' dir='ltr'><strong>pu-</strong></span> 
     </span>
     <span class='ocr_line' id='line_1_5' title="bbox 223 1403 1161 1500; baseline -0.002 -28"><span class='ocrx_word' id='word_1_25' title='bbox 223 1409 364 1492; x_wconf 83' lang='lat' dir='ltr'><strong>tabatur,</strong></span> <span class='ocrx_word' id='word_1_26' title='bbox 387 1432 459 1474; x_wconf 89' lang='lat' dir='ltr'><strong>usus</strong></span> <span class='ocrx_word' id='word_1_27' title='bbox 477 1425 534 1475; x_wconf 88' lang='lat' dir='ltr'><strong>est.</strong></span> <span class='ocrx_word' id='word_1_28' title='bbox 578 1407 641 1476; x_wconf 84' lang='lat' dir='ltr'><strong>sed</strong></span> <span class='ocrx_word' id='word_1_29' title='bbox 659 1433 772 1500; x_wconf 88' lang='lat' dir='ltr'><strong>parum</strong></span> <span class='ocrx_word' id='word_1_30' title='bbox 790 1407 840 1472; x_wconf 91' lang='lat' dir='ltr'><strong>ille</strong></span> <span class='ocrx_word' id='word_1_31' title='bbox 859 1405 1035 1499; x_wconf 81' lang='lat' dir='ltr'><strong>prudenter</strong></span> <span class='ocrx_word' id='word_1_32' title='bbox 1055 1407 1090 1471; x_wconf 92' lang='lat' dir='ltr'><strong>in</strong></span> <span class='ocrx_word' id='word_1_33' title='bbox 1111 1403 1161 1470; x_wconf 83' lang='lat' dir='ltr'><strong>fs-</strong></span> 
     </span>
     <span class='ocr_line' id='line_1_6' title="bbox 223 1522 1164 1620; baseline -0.002 -28"><span class='ocrx_word' id='word_1_34' title='bbox 223 1525 376 1594; x_wconf 83' lang='lat' dir='ltr'><strong>bn&#39;oando</strong></span> <span class='ocrx_word' id='word_1_35' title='bbox 391 1522 485 1620; x_wconf 73' lang='lat' dir='ltr'><strong>opere</strong></span> <span class='ocrx_word' id='word_1_36' title='bbox 503 1544 654 1595; x_wconf 85' lang='lat' dir='ltr'><strong>versatus:</strong></span> <span class='ocrx_word' id='word_1_37' title='bbox 677 1553 751 1594; x_wconf 84' lang='lat' dir='ltr'><strong>nam</strong></span> <span class='ocrx_word' id='word_1_38' title='bbox 770 1551 870 1618; x_wconf 90' lang='lat' dir='ltr'><strong>quum</strong></span> <span class='ocrx_word' id='word_1_39' title='bbox 888 1529 922 1592; x_wconf 91' lang='lat' dir='ltr'><strong>in</strong></span> <span class='ocrx_word' id='word_1_40' title='bbox 938 1529 1054 1614; x_wconf 89' lang='lat' dir='ltr'><strong>majo1e</strong></span> <span class='ocrx_word' id='word_1_41' title='bbox 1071 1527 1164 1590; x_wconf 85' lang='lat' dir='ltr'><strong>meris</strong></span> 
     </span>
     <span class='ocr_line' id='line_1_7' title="bbox 223 1643 1164 1739; baseline -0.004 -27"><span class='ocrx_word' id='word_1_42' title='bbox 223 1663 328 1731; x_wconf 76' lang='lat' dir='ltr'><strong>aestu,</strong></span> <span class='ocrx_word' id='word_1_43' title='bbox 362 1647 461 1738; x_wconf 76' lang='lat' dir='ltr'><strong>qiualis</strong></span> <span class='ocrx_word' id='word_1_44' title='bbox 492 1649 526 1712; x_wconf 92' lang='lat' dir='ltr'><strong>in</strong></span> <span class='ocrx_word' id='word_1_45' title='bbox 561 1646 744 1728; x_wconf 86' lang='lat' dir='ltr'><strong>noviluniis,</strong></span> <span class='ocrx_word' id='word_1_46' title='bbox 776 1647 973 1739; x_wconf 83' lang='lat' dir='ltr'><strong>pleniluniis,</strong></span> <span class='ocrx_word' id='word_1_47' title='bbox 1006 1645 1054 1712; x_wconf 85' lang='lat' dir='ltr'><strong>vel</strong></span> <span class='ocrx_word' id='word_1_48' title='bbox 1073 1643 1164 1710; x_wconf 90' lang='lat' dir='ltr'><strong>lunae</strong></span> 
     </span>
     <span class='ocr_line' id='line_1_8' title="bbox 225 1763 1164 1856; baseline -0.004 -24"><span class='ocrx_word' id='word_1_49' title='bbox 225 1765 420 1856; x_wconf 84' lang='lat' dir='ltr'><strong>quadraturis</strong></span> <span class='ocrx_word' id='word_1_50' title='bbox 437 1769 577 1834; x_wconf 87' lang='lat' dir='ltr'><strong>obtinere</strong></span> <span class='ocrx_word' id='word_1_51' title='bbox 593 1766 685 1851; x_wconf 85' lang='lat' dir='ltr'><strong>solet,</strong></span> <span class='ocrx_word' id='word_1_52' title='bbox 702 1768 858 1833; x_wconf 86' lang='lat' dir='ltr'><strong>incitatius</strong></span> <span class='ocrx_word' id='word_1_53' title='bbox 876 1782 996 1832; x_wconf 82' lang='lat' dir='ltr'><strong>torrens</strong></span> <span class='ocrx_word' id='word_1_54' title='bbox 1011 1763 1164 1846; x_wconf 82' lang='lat' dir='ltr'><strong>ferretur,</strong></span> 
     </span>
     <span class='ocr_line' id='line_1_9' title="bbox 224 1878 1163 1977; baseline -0.006 -25"><span class='ocrx_word' id='word_1_55' title='bbox 224 1887 351 1970; x_wconf 78' lang='lat' dir='ltr'><strong>accidit,</strong></span> <span class='ocrx_word' id='word_1_56' title='bbox 374 1905 409 1953; x_wconf 85' lang='lat' dir='ltr'><strong>nt</strong></span> <span class='ocrx_word' id='word_1_57' title='bbox 427 1904 529 1953; x_wconf 81' lang='lat' dir='ltr'><strong>tantae</strong></span> <span class='ocrx_word' id='word_1_58' title='bbox 549 1911 703 1977; x_wconf 83' lang='lat' dir='ltr'><strong>aquarum</strong></span> <span class='ocrx_word' id='word_1_59' title='bbox 721 1878 933 1954; x_wconf 80' lang='lat' dir='ltr'><strong>vehementiae</strong></span> <span class='ocrx_word' id='word_1_60' title='bbox 951 1886 1052 1976; x_wconf 83' lang='lat' dir='ltr'><strong>impar</strong></span> <span class='ocrx_word' id='word_1_61' title='bbox 1072 1882 1163 1948; x_wconf 82' lang='lat' dir='ltr'><strong>fran-</strong></span> 
     </span>
     <span class='ocr_line' id='line_1_10' title="bbox 224 2005 1164 2099; baseline -0.004 -27"><span class='ocrx_word' id='word_1_62' title='bbox 224 2024 348 2092; x_wconf 83' lang='lat' dir='ltr'><strong>geretur</strong></span> <span class='ocrx_word' id='word_1_63' title='bbox 379 2032 480 2099; x_wconf 87' lang='lat' dir='ltr'><strong>pons,</strong></span> <span class='ocrx_word' id='word_1_64' title='bbox 516 2005 738 2097; x_wconf 85' lang='lat' dir='ltr'><strong>clauderetque</strong></span> <span class='ocrx_word' id='word_1_65' title='bbox 765 2005 956 2072; x_wconf 85' lang='lat' dir='ltr'><strong>Nassavianis</strong></span> <span class='ocrx_word' id='word_1_66' title='bbox 988 2006 1164 2090; x_wconf 83' lang='lat' dir='ltr'><strong>trajectum.</strong></span> 
     </span>
     <span class='ocr_line' id='line_1_11' title="bbox 225 2122 1168 2217; baseline -0.01 -25"><span class='ocrx_word' id='word_1_67' title='bbox 225 2129 333 2217; x_wconf 87' lang='lat' dir='ltr'><strong>Quare</strong></span> <span class='ocrx_word' id='word_1_68' title='bbox 358 2143 485 2194; x_wconf 84' lang='lat' dir='ltr'><strong>conatus</strong></span> <span class='ocrx_word' id='word_1_69' title='bbox 510 2126 559 2192; x_wconf 91' lang='lat' dir='ltr'><strong>ille</strong></span> <span class='ocrx_word' id='word_1_70' title='bbox 583 2127 689 2190; x_wconf 83' lang='lat' dir='ltr'><strong>irritus</strong></span> <span class='ocrx_word' id='word_1_71' title='bbox 713 2123 828 2190; x_wconf 75' lang='lat' dir='ltr'><strong>fiebatz</strong></span> <span class='ocrx_word' id='word_1_72' title='bbox 862 2123 1059 2207; x_wconf 82' lang='lat' dir='ltr'><strong>Groningani</strong></span> <span class='ocrx_word' id='word_1_73' title='bbox 1083 2122 1168 2185; x_wconf 88' lang='lat' dir='ltr'><strong>e&#39;nim</strong></span> 
     </span>
     <span class='ocr_line' id='line_1_12' title="bbox 226 2240 1166 2326; baseline -0.004 -14"><span class='ocrx_word' id='word_1_74' title='bbox 226 2247 370 2312; x_wconf 79' lang='lat' dir='ltr'><strong>certiores</strong></span> <span class='ocrx_word' id='word_1_75' title='bbox 389 2243 453 2310; x_wconf 92' lang='lat' dir='ltr'><strong>doli</strong></span> <span class='ocrx_word' id='word_1_76' title='bbox 474 2243 565 2326; x_wconf 83' lang='lat' dir='ltr'><strong>faeti,</strong></span> <span class='ocrx_word' id='word_1_77' title='bbox 596 2245 739 2308; x_wconf 84' lang='lat' dir='ltr'><strong>inertiam</strong></span> <span class='ocrx_word' id='word_1_78' title='bbox 763 2267 851 2308; x_wconf 86' lang='lat' dir='ltr'><strong>suam</strong></span> <span class='ocrx_word' id='word_1_79' title='bbox 871 2240 1079 2324; x_wconf 81' lang='lat' dir='ltr'><strong>damnantes,</strong></span> <span class='ocrx_word' id='word_1_80' title='bbox 1109 2265 1166 2308; x_wconf 78' lang='lat' dir='ltr'><strong>va-</strong></span> 
     </span>
     <span class='ocr_line' id='line_1_13' title="bbox 224 2361 1167 2454; baseline -0.004 -24"><span class='ocrx_word' id='word_1_81' title='bbox 224 2362 289 2430; x_wconf 74' lang='lat' dir='ltr'><strong>lidi</strong></span> <span class='ocrx_word' id='word_1_82' title='bbox 314 2363 454 2430; x_wconf 61' lang='lat' dir='ltr'><strong>custodie</strong></span> <span class='ocrx_word' id='word_1_83' title='bbox 474 2363 588 2431; x_wconf 88' lang='lat' dir='ltr'><strong>vallum</strong></span> <span class='ocrx_word' id='word_1_84' title='bbox 607 2361 840 2447; x_wconf 86' lang='lat' dir='ltr'><strong>defenderunt,</strong></span> <span class='ocrx_word' id='word_1_85' title='bbox 860 2361 1020 2428; x_wconf 75' lang='lat' dir='ltr'><strong>adstrueti</strong></span> <span class='ocrx_word' id='word_1_86' title='bbox 1036 2363 1167 2454; x_wconf 82' lang='lat' dir='ltr'><strong>impug-</strong></span> 
     </span>
     <span class='ocr_line' id='line_1_14' title="bbox 225 2483 713 2577; baseline 0.004 -27"><span class='ocrx_word' id='word_1_87' title='bbox 225 2502 313 2550; x_wconf 78' lang='lat' dir='ltr'><strong>natae</strong></span> <span class='ocrx_word' id='word_1_88' title='bbox 335 2501 442 2577; x_wconf 84' lang='lat' dir='ltr'><strong>portae</strong></span> <span class='ocrx_word' id='word_1_89' title='bbox 464 2485 646 2551; x_wconf 80' lang='lat' dir='ltr'><strong>munitione.</strong></span> <span class='ocrx_word' id='word_1_90' title='bbox 672 2483 713 2552; x_wconf 75' lang='lat'><strong>(¹)</strong></span> 
     </span>
    </p>

    <p class='ocr_par' dir='ltr' id='par_1_4' title="bbox 169 2602 1172 3896">
     <span class='ocr_line' id='line_1_15' title="bbox 272 2602 1165 2695; baseline -0.002 -25"><span class='ocrx_word' id='word_1_91' title='bbox 272 2603 365 2670; x_wconf 87' lang='lat' dir='ltr'><strong>Haud</strong></span> <span class='ocrx_word' id='word_1_92' title='bbox 398 2605 441 2668; x_wconf 85' lang='lat' dir='ltr'><strong>ita</strong></span> <span class='ocrx_word' id='word_1_93' title='bbox 470 2603 569 2670; x_wconf 89' lang='lat' dir='ltr'><strong>multo</strong></span> <span class='ocrx_word' id='word_1_94' title='bbox 600 2620 672 2692; x_wconf 88' lang='lat' dir='ltr'><strong>post</strong></span> <span class='ocrx_word' id='word_1_95' title='bbox 705 2602 843 2685; x_wconf 85' lang='lat' dir='ltr'><strong>factum,</strong></span> <span class='ocrx_word' id='word_1_96' title='bbox 866 2620 902 2669; x_wconf 90' lang='lat' dir='ltr'><strong>ut</strong></span> <span class='ocrx_word' id='word_1_97' title='bbox 927 2605 1083 2695; x_wconf 87' lang='lat' dir='ltr'><strong>potiretur</strong></span> <span class='ocrx_word' id='word_1_98' title='bbox 1101 2603 1165 2668; x_wconf 81' lang='lat' dir='ltr'><strong>sas-</strong></span> 
     </span>
     <span class='ocr_line' id='line_1_16' title="bbox 228 2721 1166 2816; baseline 0 -28"><span class='ocrx_word' id='word_1_99' title='bbox 228 2721 328 2788; x_wconf 85' lang='lat' dir='ltr'><strong>ciculo</strong></span> <span class='ocrx_word' id='word_1_100' title='bbox 358 2721 497 2814; x_wconf 84' lang='lat' dir='ltr'><strong>quodam</strong></span> <span class='ocrx_word' id='word_1_101' title='bbox 531 2723 734 2805; x_wconf 71' lang='lat' dir='ltr'><strong>Guilelmus,</strong></span> <span class='ocrx_word' id='word_1_102' title='bbox 766 2725 800 2788; x_wconf 90' lang='lat' dir='ltr'><strong>in</strong></span> <span class='ocrx_word' id='word_1_103' title='bbox 823 2747 888 2814; x_wconf 89' lang='lat' dir='ltr'><strong>quo</strong></span> <span class='ocrx_word' id='word_1_104' title='bbox 908 2739 1032 2815; x_wconf 84' lang='lat' dir='ltr'><strong>praeter</strong></span> <span class='ocrx_word' id='word_1_105' title='bbox 1055 2723 1166 2816; x_wconf 86' lang='lat' dir='ltr'><strong>publi·-</strong></span> 
     </span>
     <span class='ocr_line' id='line_1_17' title="bbox 227 2841 1168 2937; baseline 0.001 -27"><span class='ocrx_word' id='word_1_106' title='bbox 227 2869 297 2910; x_wconf 85' lang='lat' dir='ltr'><strong>cam</strong></span> <span class='ocrx_word' id='word_1_107' title='bbox 331 2844 473 2910; x_wconf 88' lang='lat' dir='ltr'><strong>Licestrii</strong></span> <span class='ocrx_word' id='word_1_108' title='bbox 503 2841 542 2908; x_wconf 90' lang='lat' dir='ltr'><strong>ad</strong></span> <span class='ocrx_word' id='word_1_109' title='bbox 572 2841 742 2910; x_wconf 87' lang='lat' dir='ltr'><strong>foederatos</strong></span> <span class='ocrx_word' id='word_1_110' title='bbox 764 2842 902 2910; x_wconf 84' lang='lat' dir='ltr'><strong>Ordines</strong></span> <span class='ocrx_word' id='word_1_111' title='bbox 923 2843 1168 2937; x_wconf 89' lang='lat' dir='ltr'><strong>disputationem</strong></span> 
     </span>
     <span class='ocr_line' id='line_1_18' title="bbox 169 2947 1169 3056; baseline 0.005 -29"><span class='ocrx_word' id='word_1_112' title='bbox 169 2986 174 3006; x_wconf 65' lang='lat'>¹</span> <span class='ocrx_word' id='word_1_113' title='bbox 227 2959 292 3049; x_wconf 89' lang='lat' dir='ltr'><strong>(die</strong></span> <span class='ocrx_word' id='word_1_114' title='bbox 325 2979 411 3028; x_wconf 85' lang='lat' dir='ltr'><strong>sexto</strong></span> <span class='ocrx_word' id='word_1_115' title='bbox 441 2947 484 3028; x_wconf 87' lang='lat' dir='ltr'><strong>m.</strong></span> <span class='ocrx_word' id='word_1_116' title='bbox 506 2965 701 3056; x_wconf 86' lang='lat' dir='ltr'><strong>Septembris</strong></span> <span class='ocrx_word' id='word_1_117' title='bbox 725 2963 830 3030; x_wconf 84' lang='lat' dir='ltr'><strong>habita</strong></span> <span class='ocrx_word' id='word_1_118' title='bbox 853 2966 931 3056; x_wconf 87' lang='lat' dir='ltr'><strong>erat)</strong></span> <span class='ocrx_word' id='word_1_119' title='bbox 967 2968 1098 3055; x_wconf 87' lang='lat' dir='ltr'><strong>ejusque</strong></span> <span class='ocrx_word' id='word_1_120' title='bbox 1129 2965 1169 3032; x_wconf 84' lang='lat' dir='ltr'><strong>ad</strong></span> 
     </span>
     <span class='ocr_line' id='line_1_19' title="bbox 227 3083 1168 3177; baseline -0.002 -27"><span class='ocrx_word' id='word_1_121' title='bbox 227 3085 338 3150; x_wconf 85' lang='lat' dir='ltr'><strong>Frisiae</strong></span> <span class='ocrx_word' id='word_1_122' title='bbox 359 3083 497 3150; x_wconf 85' lang='lat' dir='ltr'><strong>Ordines</strong></span> <span class='ocrx_word' id='word_1_123' title='bbox 519 3084 656 3167; x_wconf 83' lang='lat' dir='ltr'><strong>litteras,</strong></span> <span class='ocrx_word' id='word_1_124' title='bbox 692 3100 753 3149; x_wconf 87' lang='lat' dir='ltr'><strong>tres</strong></span> <span class='ocrx_word' id='word_1_125' title='bbox 775 3083 916 3176; x_wconf 86' lang='lat' dir='ltr'><strong>epistolas</strong></span> <span class='ocrx_word' id='word_1_126' title='bbox 941 3087 1077 3177; x_wconf 82' lang='lat' dir='ltr'><strong>reperit,</strong></span> <span class='ocrx_word' id='word_1_127' title='bbox 1102 3087 1168 3150; x_wconf 83' lang='lat' dir='ltr'><strong>Os-</strong></span> 
     </span>
     <span class='ocr_line' id='line_1_20' title="bbox 228 3201 1169 3294; baseline 0 -26"><span class='ocrx_word' id='word_1_128' title='bbox 228 3220 370 3290; x_wconf 83' lang='lat' dir='ltr'><strong>tergoae,</strong></span> <span class='ocrx_word' id='word_1_129' title='bbox 393 3205 608 3289; x_wconf 80' lang='lat' dir='ltr'><strong>Westergoae,</strong></span> <span class='ocrx_word' id='word_1_130' title='bbox 632 3220 663 3268; x_wconf 88' lang='lat' dir='ltr'><strong>et</strong></span> <span class='ocrx_word' id='word_1_131' title='bbox 688 3204 971 3294; x_wconf 82' lang='lat' dir='ltr'><strong>Septemsylvarum</strong></span> <span class='ocrx_word' id='word_1_132' title='bbox 992 3201 1169 3270; x_wconf 86' lang='lat' dir='ltr'><strong>Ordinibus</strong></span> 
     </span>
     <span class='ocr_line' id='line_1_21' title="bbox 228 3320 1169 3415; baseline -0.002 -26"><span class='ocrx_word' id='word_1_133' title='bbox 228 3325 412 3415; x_wconf 81' lang='lat' dir='ltr'><strong>inscriptos,</strong></span> <span class='ocrx_word' id='word_1_134' title='bbox 445 3321 513 3388; x_wconf 84' lang='lat' dir='ltr'><strong>alias</strong></span> <span class='ocrx_word' id='word_1_135' title='bbox 546 3324 621 3387; x_wconf 87' lang='lat' dir='ltr'><strong>item</strong></span> <span class='ocrx_word' id='word_1_136' title='bbox 652 3320 692 3386; x_wconf 86' lang='lat' dir='ltr'><strong>ad</strong></span> <span class='ocrx_word' id='word_1_137' title='bbox 723 3338 794 3388; x_wconf 89' lang='lat' dir='ltr'><strong>octo</strong></span> <span class='ocrx_word' id='word_1_138' title='bbox 827 3323 987 3404; x_wconf 84' lang='lat' dir='ltr'><strong>civitates,</strong></span> <span class='ocrx_word' id='word_1_139' title='bbox 1009 3345 1169 3413; x_wconf 85' lang='lat' dir='ltr'><strong>unamque</strong></span> 
     </span>
     <span class='ocr_line' id='line_1_22' title="bbox 229 3425 1172 3535; baseline -0.001 -26"><span class='ocrx_word' id='word_1_140' title='bbox 229 3443 269 3510; x_wconf 83' lang='lat' dir='ltr'><strong>ad</strong></span> <span class='ocrx_word' id='word_1_141' title='bbox 302 3467 481 3535; x_wconf 84' lang='lat' dir='ltr'><strong>supremam</strong></span> <span class='ocrx_word' id='word_1_142' title='bbox 520 3443 637 3508; x_wconf 80' lang='lat' dir='ltr'><strong>orniam</strong></span> <span class='ocrx_word' id='word_1_143' title='bbox 673 3439 768 3506; x_wconf 85' lang='lat' dir='ltr'><strong>datas.</strong></span> <span class='ocrx_word' id='word_1_144' title='bbox 838 3425 917 3506; x_wconf 80' lang='lat' dir='ltr'><strong>Tres</strong></span> <span class='ocrx_word' id='word_1_145' title='bbox 950 3443 1071 3534; x_wconf 86' lang='lat' dir='ltr'><strong>priores</strong></span> <span class='ocrx_word' id='word_1_146' title='bbox 1098 3467 1172 3508; x_wconf 88' lang='lat' dir='ltr'><strong>oum</strong></span> 
     </span>
     <span class='ocr_line' id='line_1_23' title="bbox 172 3551 1172 3649; baseline 0 -21"><span class='ocrx_word' id='word_1_147' title='bbox 172 3551 174 3556; x_wconf 43' lang='grc'>’</span> <span class='ocrx_word' id='word_1_148' title='bbox 228 3562 377 3630; x_wconf 84' lang='lat' dir='ltr'><strong>schedula</strong></span> <span class='ocrx_word' id='word_1_149' title='bbox 410 3564 444 3627; x_wconf 88' lang='lat' dir='ltr'><strong>in</strong></span> <span class='ocrx_word' id='word_1_150' title='bbox 485 3561 633 3628; x_wconf 88' lang='lat' dir='ltr'><strong>tabellarii</strong></span> <span class='ocrx_word' id='word_1_151' title='bbox 667 3585 757 3626; x_wconf 88' lang='lat' dir='ltr'><strong>usum</strong></span> <span class='ocrx_word' id='word_1_152' title='bbox 791 3559 913 3649; x_wconf 85' lang='lat' dir='ltr'><strong>adjecta</strong></span> <span class='ocrx_word' id='word_1_153' title='bbox 947 3565 980 3628; x_wconf 91' lang='lat' dir='ltr'><strong>in</strong></span> <span class='ocrx_word' id='word_1_154' title='bbox 1016 3567 1172 3630; x_wconf 81' lang='lat' dir='ltr'><strong>conventu</strong></span> 
     </span>
     <span class='ocr_line' id='line_1_24' title="bbox 228 3681 1171 3774; baseline 0.001 -25"><span class='ocrx_word' id='word_1_155' title='bbox 228 3684 389 3766; x_wconf 85' lang='lat' dir='ltr'><strong>recitavit,</strong></span> <span class='ocrx_word' id='word_1_156' title='bbox 426 3683 591 3774; x_wconf 86' lang='lat' dir='ltr'><strong>patuitque</strong></span> <span class='ocrx_word' id='word_1_157' title='bbox 624 3681 720 3774; x_wconf 73' lang='lat' dir='ltr'><strong>operi</strong></span> <span class='ocrx_word' id='word_1_158' title='bbox 754 3684 885 3774; x_wconf 84' lang='lat' dir='ltr'><strong>scriptas</strong></span> <span class='ocrx_word' id='word_1_159' title='bbox 909 3707 980 3748; x_wconf 83' lang='lat' dir='ltr'><strong>¹esse</strong></span> <span class='ocrx_word' id='word_1_160' title='bbox 1014 3683 1171 3750; x_wconf 86' lang='lat' dir='ltr'><strong>Dominiei</strong></span> 
     </span>
     <span class='ocr_line' id='line_1_25' title="bbox 229 3801 1168 3896; baseline 0.003 -28"><span class='ocrx_word' id='word_1_161' title='bbox 229 3803 359 3870; x_wconf 82' lang='lat' dir='ltr'><strong>Richeei</strong></span> <span class='ocrx_word' id='word_1_162' title='bbox 379 3829 395 3868; x_wconf 86' lang='lat' dir='ltr'><strong>a</strong></span> <span class='ocrx_word' id='word_1_163' title='bbox 417 3801 567 3887; x_wconf 87' lang='lat' dir='ltr'><strong>Postella,</strong></span> <span class='ocrx_word' id='word_1_164' title='bbox 591 3801 625 3868; x_wconf 92' lang='lat' dir='ltr'><strong>id</strong></span> <span class='ocrx_word' id='word_1_165' title='bbox 643 3801 776 3888; x_wconf 85' lang='lat' dir='ltr'><strong>agentis,</strong></span> <span class='ocrx_word' id='word_1_166' title='bbox 799 3820 835 3868; x_wconf 89' lang='lat' dir='ltr'><strong>ut</strong></span> <span class='ocrx_word' id='word_1_167' title='bbox 857 3805 960 3896; x_wconf 89' lang='lat' dir='ltr'><strong>coepti</strong></span> <span class='ocrx_word' id='word_1_168' title='bbox 977 3803 1077 3871; x_wconf 84' lang='lat' dir='ltr'><strong>civiles</strong></span> <span class='ocrx_word' id='word_1_169' title='bbox 1096 3827 1168 3871; x_wconf 90' lang='lat' dir='ltr'><strong>mo-</strong></span> 
     </span>
    </p>
   </div>
   <div class='ocr_carea' id='block_1_4' title="bbox 233 4081 1169 4243">
    <p class='ocr_par' dir='ltr' id='par_1_5' title="bbox 233 4081 1169 4243">
     <span class='ocr_line' id='line_1_26' title="bbox 269 4081 1169 4162; baseline 0.003 -29"><span class='ocrx_word' id='word_1_170' title='bbox 269 4083 310 4149; x_wconf 83' lang='grc' dir='ltr'><strong>(ι)</strong></span> <span class='ocrx_word' id='word_1_171' title='bbox 332 4081 470 4144; x_wconf 77' lang='lat' dir='ltr'><strong>Emminr,</strong></span> <span class='ocrx_word' id='word_1_172' title='bbox 490 4101 517 4148; x_wconf 81' lang='lat' dir='ltr'><strong>p.</strong></span> <span class='ocrx_word' id='word_1_173' title='bbox 535 4083 577 4136; x_wconf 85' lang='lat'><strong>53.</strong></span> <span class='ocrx_word' id='word_1_174' title='bbox 614 4084 707 4152; x_wconf 81' lang='lat' dir='ltr'><strong>Reyd,</strong></span> <span class='ocrx_word' id='word_1_175' title='bbox 726 4085 745 4136; x_wconf 86' lang='lat' dir='ltr'><strong>l.</strong></span> <span class='ocrx_word' id='word_1_176' title='bbox 764 4085 784 4136; x_wconf 86' lang='lat' dir='ltr'><strong>l.</strong></span> <span class='ocrx_word' id='word_1_177' title='bbox 802 4085 902 4162; x_wconf 65' lang='lat' dir='ltr'><strong>p3135.</strong></span> <span class='ocrx_word' id='word_1_178' title='bbox 942 4085 1012 4151; x_wconf 85' lang='lat' dir='ltr'><strong>Bor,</strong></span> <span class='ocrx_word' id='word_1_179' title='bbox 1026 4085 1044 4142; x_wconf 81' lang='grc' dir='ltr'><strong>Ι,</strong></span> <span class='ocrx_word' id='word_1_180' title='bbox 1056 4085 1074 4137; x_wconf 90' lang='lat' dir='ltr'><strong>l.</strong></span> <span class='ocrx_word' id='word_1_181' title='bbox 1087 4105 1113 4154; x_wconf 85' lang='lat' dir='ltr'><strong>p.</strong></span> <span class='ocrx_word' id='word_1_182' title='bbox 1128 4101 1169 4139; x_wconf 76' lang='lat' dir='ltr'><strong>ro.</strong></span> 
     </span>
     <span class='ocr_line' id='line_1_27' title="bbox 233 4172 541 4243; baseline 0.006 -19"><span class='ocrx_word' id='word_1_183' title='bbox 233 4173 320 4226; x_wconf 80' lang='lat' dir='ltr'><strong>llooft</strong></span> <span class='ocrx_word' id='word_1_184' title='bbox 332 4208 340 4238; x_wconf 91' lang='lat'>,</span> <span class='ocrx_word' id='word_1_185' title='bbox 360 4172 378 4224; x_wconf 91' lang='lat' dir='ltr'><strong>l.</strong></span> <span class='ocrx_word' id='word_1_186' title='bbox 397 4172 417 4225; x_wconf 87' lang='lat' dir='ltr'><strong>l.</strong></span> <span class='ocrx_word' id='word_1_187' title='bbox 436 4191 462 4240; x_wconf 86' lang='lat' dir='ltr'><strong>p.</strong></span> <span class='ocrx_word' id='word_1_188' title='bbox 483 4191 541 4243; x_wconf 83' lang='lat'><strong>²7¹·</strong></span> 
     </span>
    </p>
   </div>
   <div class='ocr_carea' id='block_1_5' title="bbox 0 0 1734 5666">
    <p class='ocr_par' dir='ltr' id='par_1_6' title="bbox 0 0 1734 5666">
     <span class='ocr_line' id='line_1_28' title="bbox 0 0 1734 5666; baseline 0 0"><span class='ocrx_word' id='word_1_189' title='bbox 0 0 1734 5666; x_wconf 95' lang='lat' dir='ltr'><strong> </strong></span> 
     </span>
    </p>
   </div>
  </div>
 </body>
</html>
