3454 5658
1175 813 1183 840 l

664 901 702 966 51

217 1100 239 1140 >>
260 1073 327 1140 tatis
347 1073 462 1141 frustra
483 1047 652 1158 omnibns,
675 1090 761 1139 tuam
785 1095 913 1164 quoque
932 1071 1051 1158 fidem,
1069 1073 1154 1166 prob

217 1218 238 1260 >›
258 1192 375 1262 scelus!
408 1192 571 1260 sollicitare
591 1190 749 1276 audeant,
782 1209 814 1258 et
840 1191 976 1259 solennia
1009 1191 1163 1275 decretor
1206 1175 1209 1191 l

217 1337 237 1378 s>
259 1337 276 1376 a
298 1311 462 1378 foederatis
482 1313 649 1404 provinciis
674 1312 776 1395 sacta,
802 1313 889 1379 novis
909 1314 944 1376 in
963 1314 1056 1378 Frisia
1074 1337 1155 1404 pro-

217 1455 238 1495 »
260 1429 459 1516 mulgandis,
489 1447 609 1496 mutare
627 1447 662 1495 ¹ct
686 1447 863 1524 pervertere
888 1449 1057 1499 conentur:
1093 1455 1159 1521 quo

219 1571 240 1612 »
262 1571 333 1613 sane
350 1551 477 1616 nomine
496 1549 597 1616 hostes
614 1551 687 1616 istos
705 1549 893 1641 rcipublicae
915 1549 1075 1618 habendos
1095 1575 1160 1617 esss

217 1692 238 1732 >›
261 1691 428 1735 censemus.
481 1671 592 1761 Itaque
619 1686 656 1734 ut
676 1670 811 1755 integros
835 1694 940 1736 coram
960 1671 1027 1736 Deo
1049 1669 1157 1736 bomi-

217 1813 238 1854 »
260 1789 416 1880 nibnsque
440 1805 561 1855 nosmet
585 1805 796 1881 praestemus,
821 1791 913 1872 scias,
939 1789 1017 1854 nulli
1036 1813 1091 1854 nos
1108 1788 1158 1854 le-

217 1934 238 1974 »
260 1908 381 1994 gitimae
401 1911 512 1975 rationi
537 1909 712 2000 parcituros
732 1932 817 1991 esse,
852 1907 892 1973 ad
926 1906 1060 1974 cavenda
1087 1929 1160 1972 sce-

218 2053 240 2092 »
260 2025 350 2092 lestae
371 2029 458 2093 istius
478 2029 625 2093 societatis
654 2028 799 2110 consilia,
823 2043 881 2110 ut,
910 2029 1041 2114 juvante
1071 2029 1161 2108 Deo,

218 2170 239 2210 >s
262 2170 338 2234 quas
370 2144 535 2212 dirissimas
566 2147 615 2210 isti
649 2145 839 2239 reipublicae
863 2148 1051 2212 minitantur
1079 2145 1161 2212 cala-
1213 2221 1216 2226 Ι

219 2290 240 2330 »
263 2266 382 2330 mitates
406 2289 654 2332 averrunccmus.
710 2267 859 2331 Ceterum
883 2282 933 2348 ts,
958 2265 1164 2331 Illusnissime

221 2407 241 2447 »
263 2385 436 2476 Princeps,
466 2385 689 2469 obsecramur,
725 2401 761 2449 ut
784 2387 817 2450 in
838 2386 1019 2477 provinciae
1042 2400 1164 2450 nostrae

220 2527 242 2568 »
264 2505 375 2568 caussis
407 2527 514 2570 eorum
551 2503 677 2570 consilia
710 2502 877 2588 adhibeas,
902 2507 1093 2597 quibuscum
1116 2505 1164 2591 agi

221 2647 243 2688 u
263 2621 328 2707 lege
362 2621 456 2705 licet,
493 2645 596 2712 neque
628 2624 663 2688 iis
694 2621 852 2709 indulgeas
874 2641 1012 2709 temere,
1042 2649 1121 2716 quos
1146 2649 1163 2690 a

222 2766 243 2808 s>
264 2741 453 2832 rcipuhlicae
472 2744 600 2827 negotiis
618 2759 751 2810 remotos
774 2747 960 2830 cognoveris.
1006 2745 1165 2812 Submissc

220 2887 244 2938 ,n
265 2837 371 2926 sutem
392 2885 536 2946 oramus,
562 2880 599 2927 ut
620 2864 819 2953 propositum
836 2865 896 2928 itsr
916 2866 950 2930 in
973 2863 1165 2931 commodius

221 2979 552 3072 »tempusdiffe1as‚
586 2981 743 3072 siquidem
767 2981 867 3065 mala,
903 3007 984 3075 quac
1018 2982 1079 3049 aliis
1115 2984 1163 3047 ci-
1240 2959 1243 2966 Ι

224 3124 244 3164 n
265 3101 411 3192 vitatibus
426 3157 429 3164 .
442 3100 649 3186 acciderunt,
682 3126 738 3168 nos
769 3119 923 3184 monent,
952 3119 989 3167 ut
1016 3101 1165 3168 similibus

224 3246 246 3285 >s
266 3222 300 3285 in
329 3238 469 3313 temporo
500 3246 721 3307 occurramus,
752 3224 854 3313 sitque
885 3223 942 3286 tibi
971 3223 1164 3313 persuasissi-

224 3367 246 3408 »
268 3366 375 3423 mum,
413 3341 541 3409 simulac
580 3343 714 3431 quietior
744 3344 783 3406 sit
812 3340 1000 3431 reipublicae
1030 3339 1167 3430 conditio

225 3484 247 3525 n
268 3458 391 3556 sutura,
411 3462 570 3550 antiquius
593 3485 649 3526 nos
674 3458 755 3525 nihil
777 3459 937 3526 habituros
960 3485 1042 3545 esse,
1070 3487 1167 3554 quam

226 3603 247 3643 »
269 3576 440 3645 adventum
462 3595 571 3662 tuum,
598 3603 632 3646 ea
662 3605 724 3670 qua
753 3605 811 3671 par
841 3597 885 3644 est
916 3581 1167 3668 magnificentia,

228 3723 251 3765 »
271 3697 461 3766 celebrare.”
528 3775 530 3782 Α

270 3820 353 3885 Haec
380 3818 506 3908 epistola
532 3818 612 3885 mibi
634 3836 694 3886 tota
717 3817 868 3885 tradenda
886 3799 1071 3898 ridebatur,
1094 3847 1168 3888 cum

227 3939 269 4005 ob
302 3941 437 4025 egregios
471 3963 597 4021 sensus,
632 3941 688 4031 qui
720 3941 754 4005 in
783 3964 816 4005 ea
847 3938 1070 4025 dominantur,
1099 3957 1167 4006 tum

229 4037 318 4150 quod
339 4057 562 4155 probabiliter,
585 4077 654 4126 uta
679 4058 847 4128 Guilielmo
857 4055 1051 4152 subscripta,
1075 4059 1116 4125 ita
1129 4061 1168 4128 ab

227 4177 338 4246 ιοάειῃ
369 4178 510 4248 confecta
541 4196 595 4246 cst
641 4178 754 4270 Aysma
776 4195 880 4245 autem
902 4203 1032 4248 munere
1058 4179 1166 4267 privs-
1217 4157 1224 4171 ¹
