3456 5676
617 1016 677 1080 ‘tlt

170 1209 283 1274 cnseo,
308 1185 443 1276 gladios,
468 1187 588 1270 hastas,
620 1188 756 1281 sclopeta
781 1205 911 1278 tractare
940 1191 1113 1268 deberentt

173 1305 323 1378 indicavit
362 1311 517 1392 rationes,
561 1311 677 1399 quibus
710 1309 931 1397 instruendae,
979 1301 1115 1380 fleeten-

171 1427 254 1513 dae,
276 1427 461 1514 vertendae,
486 1428 748 1518 conjungendae,
779 1431 1001 1526 constipandae
1027 1435 1114 1500 inte*

170 1550 234 1634 gris
254 1547 417 1616 ordinibus
439 1551 517 1616 acies
539 1566 662 1632 esseut,
685 1550 832 1640 oblongas
865 1561 1037 1644 tenuesque
1059 1577 1116 1621 co*

171 1666 277 1734 hortes
293 1743 296 1750 ,
312 1693 373 1760 pro
403 1671 522 1756 mugnis
558 1668 782 1762 quadratisque
819 1670 969 1758 induxit3
1016 1695 1115 1762 eaque

169 1789 278 1856 omnia
299 1787 475 1856 incredibili
496 1789 670 1875 eeleritate,
693 1793 756 1858 sive
777 1793 812 1857 iu
835 1791 977 1860 locorum
998 1817 1115 1879 angus,-

171 1908 220 1972 tiis
242 1925 413 1976 versaretur
438 1910 610 1992 exercitus,
656 1931 710 1974 seu
740 1910 775 1975 in
809 1909 954 1978 latissimo
986 1934 1118 2001 campo,

169 2027 301 2116 exsequi
327 2028 428 2114 jussit.
492 2028 604 2118 Neque
630 2026 725 2094 solam
759 2026 933 2118 proeliandi
967 2029 1121 2110 rationem

169 2143 371 2230 emendavit,
414 2162 445 2211 et
476 2145 721 2212 commodiorem
744 2146 841 2232 fecit,
887 2170 997 2215 verum
1027 2148 1120 2214 etiam

170 2288 300 2358 operam
319 2264 544 2333 architecturae
566 2265 691 2332 militari
709 2267 852 2346 navavit,
875 2289 969 2358 opera
990 2263 1119 2350 bellica,

170 2401 274 2452 turres
295 2387 508 2452 Romanorum
531 2385 682 2470 mobiles,
715 2387 776 2453 vias
799 2386 1038 2465 subterraneas,
1060 2384 1117 2450 alia

171 2509 208 2586 in
230 2531 322 2572 usum
345 2505 482 2594 redegit,
506 2525 541 2572 ut
564 2506 683 2575 facilior
705 2522 784 2571 esset
803 2523 834 2571 et
854 2504 1033 2598 expeditior
1056 2508 1117 2572 ob-

171 2624 305 2691 sidionis
333 2626 442 2708 labor,
474 2643 506 2691 et
528 2628 610 2691 intra
640 2628 765 2693 brevius
795 2643 919 2718 tempus
943 2625 1119 2692 absolvere-

176 2762 240 2812 tur.
285 2745 459 2812 Primordia
483 2743 634 2838 quidem,
668 2747 761 2810 utin
786 2747 878 2810 rebus
911 2747 999 2812 novis
1033 2747 1119 2812 acei-

170 2865 250 2931 dere
268 2865 364 2950 solet,
389 2890 463 2932 cum
486 2868 603 2952 magnis
625 2867 780 2934 aerumnis
812 2880 901 2930 erant
927 2867 1119 2952 conjuncta,

173 3009 235 3052 nec
254 2983 386 3051 deerant
407 2986 518 3070 ctiam,
546 2986 603 3076 qui
623 2985 793 3052 irriderent
812 3010 905 3054 novas
925 3002 1026 3069 artes,
1049 3009 1119 3050 eas·
1167 2982 1169 2986 ’

173 3128 238 3196 que
257 3122 420 3171 censerent
440 3105 563 3171 inutiles
586 3129 669 3189 esse3
695 3104 789 3170 simul
815 3129 889 3171 vero
913 3129 949 3171 ac
975 3105 1118 3171 novitatis

173 3224 303 3290 offensio
331 3223 451 3288 sublata
484 3240 580 3305 esset,
613 3240 645 3288 et
667 3225 932 3289 exercitatissimae
957 3225 1062 3314 copiae
1084 3225 1119 3289 iu
1151 3315 1153 3320 ι

174 3342 296 3410 bellum
320 3339 506 3434 prodirent,
542 3340 743 3408 admiratione
776 3344 919 3410 omnium
948 3358 980 3408 et
1012 3343 1119 3408 imita*

175 3465 260 3528 tione
298 3459 411 3547 dignae
445 3460 633 3528 videbantur
667 3463 721 3528 lll.
787 3462 971 3528 Frisiorum
1002 3465 1121 3529 robora

174 3607 192 3646 a
217 3583 331 3649 Grotio
356 3581 397 3648 (2)
433 3581 655 3676 appellantur,
691 3597 787 3671 atque
816 3579 893 3683 adeo
926 3583 1121 3676 parcissimus

182 3773 444 3790 h—n——n-a—-Q

215 3873 257 3939 (ι)
275 3872 372 3940 tteyd,
392 3872 411 3923 l.
430 3871 509 3925 thl.
529 3891 545 3940 p
576 3871 633 3926 162.
653 3873 672 3923 l.
695 3871 749 3924 IX.
768 3890 794 3940 p.
816 3873 873 3942 176.
892 3891 968 3942 seqq.
988 3873 1006 3922 l.
1021 3873 1123 3930 XVll.

176 3980 205 4028 p.
224 3964 284 4016 432.
315 3963 454 4024 liminius,
473 3982 499 4030 p.
525 3965 569 4016 88.
589 3963 898 4031 227.Ulric.l·luber.,
932 3965 962 4016 Ρ.
983 3965 1021 4017 ΙΙ.
1041 3963 1061 4018 l.
1080 3967 1121 4022 Ila

177 4055 253 4106 Soet.
272 4071 295 4104 2.
325 4071 348 4104 c.
366 4073 390 4124 7.
420 4072 447 4120 p.
465 4053 525 4106 564.
567 4053 645 4119 Kok,
685 4055 904 4128 Vodioord.
933 4053 971 4107 D.
991 4054 1122 4108 XXXII.

201 4161 238 4194 ,ι
281 4180 288 4197 .

179 4161 346 4302 p(zl7llist.
369 4233 388 4284 l.
409 4233 448 4286 lt.
477 4251 505 4300 p.
525 4235 582 4288 161.
602 4233 664 4285 etl.
687 4233 740 4289 Vl.
758 4253 786 4302 p.
805 4235 866 4305 295.
893 4234 937 4286 Cf.
956 4232 1119 4304 Schultept,

181 4321 288 4386 p.230.

822 4462 839 4503 .
927 4424 993 4488 rr*
