3408 5664
960 877 1020 942 lss't't

456 1051 459 1058 ’
515 1051 573 1144 qni
598 1053 631 1118 in
654 1073 792 1118 errorem
818 1047 932 1118 abduci
958 1075 989 1116 se
1011 1059 1101 1142 'posse
1135 1017 1463 1143 vereatur‘ffNeqne

513 1194 586 1238 vero
611 1197 692 1262 quae
723 1170 764 1236 de
798 1169 933 1256 eodem,
969 1196 1073 1264 (suum
1104 1173 1332 1265 proveheretur
1360 1190 1462 1254 aetas,

514 1291 696 1382 ingeniique
725 1293 803 1358 vires
824 1291 1046 1360 invalescerent
1070 1310 1101 1359 ct
1127 1292 1383 1386 explicarentur,
1406 1317 1462 1359 re-

514 1409 662 1493 tulimus,
707 1435 798 1502 spem
823 1428 961 1478 nostram
989 1429 1020 1478 et
1050 1416 1311 1504 exspectationem
1337 1413 1461 1479 fefelle-

513 1547 601 1597 runt.
639 1530 821 1623 Aequabilis
853 1530 983 1622 quidam
1014 1532 1076 1599 fuit
1105 1533 1185 1600 vitae
1209 1537 1319 1616 tenor,
1342 1557 1462 1624 acqua-

515 1650 620 1716 biliter
642 1675 701 1743 per
722 1676 831 1718 omnes
856 1653 923 1740 ejus
958 1670 1061 1744 partes
1085 1651 1191 1719 diffusi
1219 1653 1360 1720 acerrimi
1386 1652 1465 1740 justi

513 1771 654 1861 bonique
682 1795 812 1854 sensus,
845 1789 877 1838 et
911 1773 1029 1866 patriae
1055 1797 1142 1840 amor
1173 1771 1347 1859 singularis.
1390 1773 1464 1859 Qua

513 1915 617 1982 quum
649 1907 783 1984 utraque
818 1890 909 1958 laude
942 1891 1144 1975 excelluerit,
1181 1915 1240 1957 nec
1278 1891 1464 1958 commiserit

518 2034 578 2104 per
603 2026 702 2077 totam
726 2012 844 2090 vitam,
873 2028 911 2076 ut
928 2013 967 2076 in
990 2011 1113 2078 alterins
1143 2010 1369 2077 detrimentum
1403 2035 1462 2078 eu-

513 2128 659 2196 mulatius
682 2128 811 2198 alteram
832 2148 978 2215 armaret,
1001 2129 1056 2198 sed
1081 2130 1120 2198 ad
1151 2155 1321 2199 commune
1342 2133 1465 2198 bonum

513 2249 619 2316 arabas
641 2249 862 2317 consociaverit
885 2274 1032 2343 semper,
1068 2249 1195 2318 difficile
1217 2249 1379 2332 videatur,
1420 2251 1464 2315 sie

418 2376 421 2384 '
515 2368 572 2436 viri
593 2369 775 2437 memoriam
794 2371 967 2462 prosequi,
992 2387 1044 2453 ut,
1068 2394 1130 2463 qua
1153 2368 1301 2456 singulari
1311 2369 1464 2459 patriam,

516 2512 643 2582 quaque
670 2490 823 2578 justitiam
844 2487 974 2556 coluerit
1004 2490 1152 2572 caritate,
1176 2487 1331 2574 sigillatim
1360 2510 1461 2580 expo-

517 2634 636 2676 namus.
681 2608 749 2695 Age
774 2634 870 2690 vero,
893 2608 973 2676 vitae
998 2607 1193 2676 curriculum
1211 2631 1464 2700 persequamtu,

517 2746 550 2794 et
582 2726 740 2820 siquidem
774 2729 900 2794 militiae
934 2727 1095 2812 studium,
1145 2725 1234 2822 quod
1269 2751 1344 2793 cum
1375 2741 1466 2812 gente

516 2874 573 2914 sne
597 2849 759 2916 Nassaviea
790 2873 958 2916 commuue
983 2845 1114 2931 habuit,
1151 2862 1215 2912 tam
1247 2845 1379 2912 feliciter
1406 2871 1465 2911 ex-

517 2968 637 3055 coluit,
673 2983 710 3033 nt
747 2985 814 3033 non
844 2965 962 3058 patriae
990 2964 1166 3050 duntaxat,
1202 2991 1311 3033 verum
1339 2982 1462 3030 extera-

517 3115 593 3156 rum
614 3088 755 3177 gentium
776 3084 940 3154 commoda
965 3089 1086 3174 egregie
1107 3086 1302 3179 provexerit,
1334 3108 1373 3150 ex
1401 3085 1465 3151 hoc

520 3209 719 3304 potissimum
748 3231 887 3274 amorem
910 3207 1028 3300 patriae
1055 3205 1216 3274 ducamus.
1270 3206 1361 3295 Quae
1393 3227 1469 3271 vero

514 3329 653 3418 justitiae
676 3329 711 3398 in
732 3353 769 3394 eo
791 3329 835 3393 vis
857 3341 889 3392 et
913 3327 1048 3394 efficacia
1079 3325 1195 3409 fuerit,
1230 3325 1466 3417 provinciarum

519 3445 840 3514 administrundarum
861 3447 939 3513 ratio
965 3470 1021 3512 uos
1045 3448 1163 3540 optime
1183 3444 1320 3513 docebit.
1478 3429 1515 3490 Ψ

566 3565 660 3638 Haud
681 3567 821 3652 mirum,
843 3568 870 3632 si
891 3563 996 3633 dubiis
1017 3568 1081 3632 istis
1106 3566 1319 3658 temporibus,
1350 3565 1479 3654 quibus·

520 3688 643 3784 pulsata
672 3688 854 3776 gravissimis
887 3689 1125 3779 tempestatibus
1158 3684 1346 3776 Respublica
1385 3683 1465 3766 fuit,

522 3807 646 3876 militiae
679 3830 820 3873 surrunus
862 3807 998 3898 quisque
1032 3823 1064 3871 et
1094 3803 1225 3870 infimus
1260 3801 1467 3897 profiteretur

489 3951 649 4002 momen.
703 3923 822 4007 Fuere,
856 3926 972 4016 quibus
1004 3925 1114 3991 eximia
1148 3923 1287 3992 voluntas
1322 3920 1464 4005 adesset,

520 4045 576 4114 sed
612 4043 786 4112 deficerent
811 4043 889 4112 vires
913 4062 945 4111 et
967 4044 1114 4114 fortuna:
1139 4043 1311 4137 permulti,
1335 4042 1464 4134 quibis

523 4168 681 4236 tolerent,
718 4164 772 4234 illa
803 4182 905 4232 essent
926 4163 1076 4232 destituti.
1133 4162 1302 4231 Guilielmo
1322 4161 1488 4228 Nassavio.
