3456 5676
967 851 1031 917 220

524 1023 596 1086 trati
627 1047 744 1090 summ.
811 1023 1018 1090 Professiones
1049 1027 1289 1117 praecipuarum
1318 1019 1463 1090 raada-

526 1160 616 1226 tum,
640 1142 848 1230 Theologiae‚
871 1144 975 1226 luris,
998 1159 1031 1209 et
1048 1142 1247 1226 Medicinae,
1271 1143 1464 1228 Linguarnm

524 1264 621 1328 trium
654 1278 686 1328 et
716 1261 844 1328 Artium
876 1262 1050 1330 liberalium
1093 1264 1293 1330 instituimus.
1357 1263 1400 1328 Et
1429 1263 1463 1326 in

521 1382 656 1468 singulas
683 1406 790 1448 earum
814 1381 1019 1456 Professores,
1057 1383 1137 1448 viros
1169 1380 1313 1448 doctrina
1335 1397 1367 1446 et
1386 1382 1459 1473 pie-

524 1521 584 1569 tate
616 1520 804 1594 praestantes
842 1505 1038 1585 vocavimus,
1083 1503 1292 1592 praemiisque
1323 1501 1460 1567 honestis

518 1624 707 1688 ornavimus.
759 1625 848 1712 Quos
883 1646 990 1690 omnes
1019 1621 1213 1708 diligentiam
1237 1637 1270 1688 et
1291 1619 1390 1686 fidem
1420 1617 1460 1686 ad

520 1767 607 1822 eam,
634 1769 696 1834 qua
717 1745 750 1808 in
774 1741 920 1812 docendo
931 1743 1039 1810 versati
1061 1757 1154 1812 sunt,
1168 1741 1312 1832 peritiam
1333 1757 1365 1805 et
1385 1764 1456 1806 me·

520 1861 679 1945 thodnm‚
702 1860 900 1932 adhibituros
925 1859 1125 1928 confidimns.
1170 1861 1237 1926 Nee
1267 1859 1335 1928 solis
1362 1883 1458 1950 prae-

515 1981 702 2048 lectionibus
735 1982 875 2049 officium
912 1980 947 2054 hi
983 2001 1093 2048 omnes
1125 1977 1361 2066 defungentur:
1404 1979 1459 2044 sed

518 2103 809 2193 Drsputationibus‚
844 2100 1145 2174 Declamation'ihns‚
1170 2101 1459 2168 Examinationibns

520 2222 708 2311 eaeterisque
733 2216 884 2288 exercitiis
906 2237 1009 2313 partes
1034 2245 1101 2288 suas
1123 2221 1281 2305 obibunt,
1305 2237 1342 2286 ut
1360 2219 1456 2288 disci-

516 2339 605 2428 pulos
629 2338 765 2406 reddant
788 2343 871 2440 ipsos
896 2365 992 2430 quam
1013 2341 1298 2422 exercitatissimos,
1333 2357 1365 2406 et
1397 2341 1457 2406 sibi

515 2463 625 2551 reique
662 2460 808 2553 publicae
852 2461 947 2528 officii
983 2459 1194 2550 beneficiique
1230 2461 1330 2526 omnis
1361 2483 1455 2550 prae·

516 2583 645 2648 statione
669 2580 908 2666 obligatissimos
963 2582 1132 2671 Quotquot
1161 2605 1200 2646 ex
1220 2578 1361 2647 studiosis
1394 2605 1455 2646 no-

514 2700 677 2767 bilioribus
701 2715 733 2764 et
766 2698 931 2768 ditioribus
965 2701 1030 2769 huc
1054 2698 1230 2767 studiorum
1251 2724 1326 2787 ergo
1348 2723 1453 2767 acees-

515 2821 633 2896 serint‚
668 2844 728 2908 par
748 2821 783 2886 iis
809 2819 938 2908 publice
962 2821 1129 2886 habebitur
1158 2817 1295 2911 (praeter
1323 2819 1453 2910 privile-
1497 2828 1506 2835 '

513 2941 574 3026 gia)
604 2963 685 3028 quae
717 2941 835 3008 Patriae
864 2938 1036 3006 astitoribus
1069 2930 1183 3025 gratia,
1219 2963 1298 3028 quae
1328 2940 1363 3004 iis
1397 2940 1454 3030 qui

512 3061 629 3151 patriae
660 3058 841 3143 militarint,
874 3075 928 3125 aut'
948 3058 1105 3142 militent,
1141 3058 1326 3145 legationes,
1348 3058 1448 3126 sunc-

513 3181 647 3248 tionesve
680 3205 740 3270 pro
772 3204 804 3245 en
838 3180 996 3263 obierint,
1031 3181 1194 3245 obeantur.
1257 3180 1389 3269 Eritque
1416 3180 1452 3266 in

512 3315 672 3392 posterum
696 3298 838 3364 studium
861 3315 893 3364 et
917 3323 989 3366 eura
1013 3300 1125 3381 nohis,
1160 3297 1226 3365 illos
1253 3297 1293 3364 ad
1325 3298 1452 3390 publiea

512 3423 619 3487 munia
642 3418 868 3511 promovendi,
904 3443 964 3510 pro
987 3421 1139 3508 cujusque
1161 3416 1331 3503 dignitate,
1353 3442 1447 3509 prae-

508 3543 619 3608 stantia
642 3556 674 3605 et
699 3540 825 3608 meritis.
883 3539 1143 3627 Pauper-insibus,
1186 3538 1296 3627 quiet
1324 3539 1449 3624 ingenio

509 3679 541 3728 et
562 3663 667 3730 animo
689 3661 914 3746 ingenuitatem
935 3681 1011 3748 prae
1032 3682 1063 3724 se
1091 3657 1215 3737 ferent,
1238 3681 1279 3722 ne
1304 3656 1384 3748 quid
1414 3659 1448 3724 in

508 3782 634 3872 publiea
667 3781 845 3846 liberalitate
881 3778 1018 3861 deesset,
1062 3780 1160 3870 ipsive
1189 3780 1340 3845 tenuitate
1371 3803 1447 3862 sna,

510 3900 557 3968 vel
581 3927 598 3966 a
618 3900 761 3982 fortuna,
796 3915 849 3963 aut
880 3901 982 3965 Patria
1013 3925 1066 3964 sna
1088 3897 1224 3966 desertos
1244 3923 1276 3964 se
1306 3923 1447 3991 queran-

513 4039 585 4104 tur,
608 4019 780 4105 Collegium
801 4021 1039 4102 constituimus,
1062 4021 1096 4084 in
1128 4044 1194 4109 quo
1214 4021 1306 4106 gratis
1322 4022 1355 4086 in
1380 4046 1445 4112 pu-

507 4141 625 4214 blicum
651 4146 741 4211 usum
766 4157 797 4206 et
818 4139 947 4210 salutem
974 4140 1115 4224 alentur,
1152 4165 1230 4230 qnos
1258 4140 1446 4234 reipublicae
