3408 5664
626 761 669 826 83

174 947 234 998 cat.
291 933 379 1002 Misit
398 953 471 1000 vero
489 933 651 1000 'raconem
672 933 845 1024 liittingnm
878 931 916 1000 ad
948 931 1118 1002 Drentlriae

178 1050 258 1119 tinea
291 1075 365 1122 cum
401 1053 586 1142 octingentis
615 1055 758 1136 armos,
793 1069 830 1120 ut
864 1075 913 1122 eon
942 1053 982 1120 nb
1017 1051 1121 1122 hostili

174 1171 298 1264 impetu
319 1170 521 1240 defenderet:
543 1173 610 1266 ipse
629 1175 784 1240 maritimo
804 1171 915 1240 itinere
937 1197 1012 1246 cunt
1035 1195 1116 1266 qua*

173 1289 353 1360 tuordecim
374 1291 554 1360 cohortibus
576 1291 626 1357 die
649 1297 668 1360 5
695 1291 814 1386 Aprilis
835 1291 875 1358 ad
899 1294 1120 1380 Groninganot'

157 1409 275 1478 ‘libero
305 1413 466 1478 Bortaniae
499 1409 586 1478 aditu
615 1410 870 1480 intercludendos
895 1412 1119 1506 proficiscitur

172 1531 214 1598 ln
226 1527 415 1600 Dullnrdauu
434 1533 538 1599 einum
558 1529 697 1616 delatus,
715 1529 985 1620 Bellingwoldium
1003 1529 1118 1628 appel*

172 1649 232 1734 lit,
252 1649 312 1718 hac
329 1665 434 1717 mente
453 1641 490 1716 iat
508 1669 562 1720 aut
583 1655 696 1746 apertis
715 1675 871 1744 aquarum
884 1653 980 1748 septis
994 1673 1119 1746 campos

171 1766 331 1855 inundet,
354 1787 409 1837 aut
430 1768 539 1838 clausis
571 1788 684 1864 sponte
718 1768 874 1839 audantes
897 1773 1006 1840 siccari
1026 1784 1118 1839 vetet.

174 1891 299 1960 Locum
320 1891 388 1974 ibi,
415 1914 481 1980 quo
505 1892 602 1956 amuis
624 1913 683 1982 per
705 1889 875 1958 claustrtun
895 1913 934 1956 ex
954 1892 1118 1958 Menante-

171 2008 269 2076 riensi
291 2031 364 2096 agro
382 2011 529 2093 veniens,
550 2026 582 2075 et
604 2005 804 2079 Weddanam
825 2033 929 2078 arcem
949 2033 1025 2078 oum
1046 2031 1129 2096 agro⁴
1221 2093 1223 2100 y

171 2131 320 2222 proximo
339 2131 490 2215 irrigaret
513 2131 548 2198 in
565 2125 754 2196 Dullardum
770 2129 920 2221 profluit,
944 2125 985 2194 ad
1003 2125 1117 2195 oedifi-

169 2245 315 2317 canduru
339 2247 496 2314 castelltun
521 2250 624 2342 capit,
658 2250 747 2336 cujus
767 2271 827 2342 ope
849 2264 880 2315 et
899 2247 1068 2316 claustrum
1088 2261 1120 2314 et

172 2371 257 2437 viam
279 2367 442 2436 militarem
469 2385 502 2434 et
533 2384 721 2436 commeante
751 2370 785 2434 in
809 2392 879 2434 suos
901 2383 1020 2436 vertere
1045 2388 1118 2434 usus

171 2489 283 2582 possit.
317 2487 567 2582 Appropiuquat
592 2489 697 2554 subito
717 2511 791 2554 cum
809 2487 856 2552 bis
873 2485 956 2554 mille
967 2484 1118 2552 militibus

170 2633 214 2678 ex
227 2607 471 2675 Transrhenanas
482 2604 598 2674 ditione
610 2607 810 2672 llermannus
819 2605 999 2692 bergensis,
1021 2625 1115 2672 ruma

172 2751 251 2820 pore
274 2729 470 2796 munimenta
492 2723 641 2811 studeres
677 2723 732 2792 sed
766 2725 855 2790 irrito
890 2723 973 2791 lacto
1005 2733 1118 2792 conatu

170 2838 398 2916 Winsahotam
413 2837 447 2912 se¹
463 2846 584 2938 recipit.
629 2841 780 2932 Verdugo
801 2857 923 2928 autem,
949 2859 985 2910 ut
1006 2841 1114 2912 direr-

170 2981 255 3032 tetet
276 2963 478 3034 Guilielmuru
499 2965 538 3030 ab
564 2965 710 3030 instituto
729 2986 843 3058 opere,
864 2964 1029 3064 equutesin
1040 2964 1114 3032 Fri-

168 3086 252 3153 stam
283 3082 467 3177 praedatum
501 3085 619 3169 mittit,
669 3085 725 3176 qui
760 3109 833 3154 cum
867 3081 950 3152 nihil
983 3085 1118 3178 optatius
1195 3173 1200 3184 Ι

173 3201 348 3288 haberent,
381 3219 444 3272 tam
478 3201 642 3292 diligenter
678 3204 780 3273 ollicio
812 3203 916 3271 functi
950 3219 1045 3286 sunt,
1083 3219 1118 3270 ut

173 3323 265 3390 brevi
293 3325 409 3390 rustica
439 3347 532 3418 opera
561 3324 660 3390 ubivis
683 3337 794 3390 vastata
815 3325 977 3411 jacerent3
1001 3339 1033 3387 et
1056 3330 1118 3390 tres

175 3444 237 3510 'rici
272 3441 322 3510 die
355 3446 392 3510 21
428 3441 547 3536 Aprilis
579 3440 834 3511 incenderentur.
887 3443 1119 3535 Exspeotntioni

163 3559 338 3656 ‘respondit
353 3580 498 3632 eventus:
522 3563 634 3630 lbisiae
649 3585 792 3656 proceres
806 3564 967 3630 absentem
984 3564 1115 3631 Guber-

176 3699 319 3752 natorem
333 3681 534 3770 negligentiae
553 3707 658 3750 coram
677 3683 769 3777 plebe
788 3699 972 3752 accusarunt
986 3686 1134 3752 misere-⁹

178 3827 241 3894 que
263 3804 479 3892 objurgarent.
524 3801 622 3894 Quod
654 3805 710 3870 ubi
731 3824 789 3898 per
808 3806 919 3872 analeos
941 3806 1116 3896 comperit3

176 3921 290 3990 relictis
330 3920 369 3990 ad
410 3921 618 4018 perficiendas
663 3921 885 4012 Bellingwoldii
930 3926 1117 3992 nurnitionea

178 4058 252 4111 octo
271 4041 473 4128 cohortibus,
499 4042 655 4112 celerrime
677 4045 788 4137 ipsein
801 4045 929 4113 Faisiam
941 4068 972 4112 ee
985 4045 1117 4115 conferta

940 4165 959 4226 fl
971 4167 988 4203 θ
