3408 5664
1002 904 1063 969 184

556 1075 674 1152 iactum
707 1093 794 1170 erat,
832 1095 869 1150 ut
900 1075 1119 1146 conciliaretur
1144 1075 1310 1146 Mauritius
1339 1097 1415 1143 cunr
1441 1097 1499 1142 so-

554 1217 624 1268 rore
658 1197 809 1283 Aemilia,
855 1197 1131 1292 qnae'0perinvito
1163 1195 1216 1267 illo
1255 1195 1380 1288 nuptias
1423 1218 1500 1261 cuna

555 1316 705 1410 Principe
735 1316 922 1400 Emannele,
957 1318 1048 1402 Regis
1082 1315 1256 1382 Lusitaniae
1287 1312 1377 1398 filio,
1410 1314 1494 1378 inie-

553 1450 601 1500 rat
638 1437 690 1502 ut.
757 1437 813 1504 llis
854 1461 928 1504 vero
962 1434 1122 1505 Guilielmi
1155 1432 1266 1502 studiis
1305 1432 1497 1526 plerumque

554 1553 720 1622 Mauritius
752 1555 997 1639 obsecundavit,
1030 1579 1197 1644 nunqnam
1228 1551 1379 1620 fastidivit
1412 1575 1494 1618 uon-

552 1671 640 1754 silia,
664 1699 700 1741 ac
720 1675 779 1742 nisi
802 1677 903 1742 menti
925 1699 997 1742 suae
1018 1698 1147 1769 prorsus
1172 1689 1406 1765 repugnarent,
1428 1695 1494 1740 non

552 1792 671 1880 rejecit.
697 1793 738 1864 i²l

594 1911 640 1979 Ar
659 1937 756 1998 vero,
788 1931 824 1980 ut
845 1931 910 1982 erat
938 1914 1019 1982 illins
1049 1913 1145 2007 plane
1178 1912 1319 1978 militaris
1349 1909 1494 1996 indoles,

546 2034 588 2098 ita
612 2032 709 2100 nimio
734 2032 852 2100 sercin
871 2032 1015 2121 gerendis
1044 2035 1292 2124 quibuscunque
1322 2032 1416 2098 rebus
1445 2030 1495 2097 ci-

545 2150 658 2218 vilibus
695 2151 808 2220 ardore
845 2153 1006 2220 serebatur
1041 2155 1210 2244 minusque
1246 2153 1365 2217 ratione
1399 2174 1496 2242 (pram

545 2272 643 2337 animi
668 2273 791 2366 impetu
815 2276 944 2360 agebat..
988 2274 1066 2362 Quo
1094 2274 1187 2339 nobis
1217 2269 1428 2338 admirabilior
1462 2285 1496 2335 et

543 2388 577 2458 ln
610 2415 648 2458 eo
681 2390 830 2459 flectendi
862 2390 902 2458 ad
932 2389 1139 2485 prudentiore
1163 2392 1259 2458 animi
1280 2389 1435 2473 facultas,
1460 2404 1494 2454 et

543 2534 618 2578 vero
645 2512 679 2577 in
706 2509 876 2579 Guilielmo
900 2509 1031 2579 dicendi
1054 2513 1155 2578 virtus
1188 2527 1220 2577 et
1250 2515 1399 2598 naljnrla
1427 2534 1490 2599 ap-

541 2646 651 2724 paret,
686 2631 742 2722 qni
773 2655 840 2696 non
870 2631 1108 2697 subordinatus
1138 2631 1212 2713 illi,
1235 2653 1278 2696 are
1301 2629 1432 2718 quidem
1453 2632 1491 2693 ira

544 2752 663 2814 eastris
689 2747 728 2817 (ὅ)
759 2766 873 2842 sponte
894 2774 948 2816 sua
968 2747 1136 2818 admonere
1168 2750 1271 2817 verbis
1305 2749 1492 2841 scriptisque

575 2948 617 3015 (ι)
636 2948 681 2998 Dc
702 2948 784 3000 ereda
805 2949 831 2999 is
857 2949 1002 3018 gemaeckt
1025 2951 1155 3004 tuascben
1172 2954 1299 3005 Maurits
1326 2953 1395 3002 ende
1419 2951 1491 3017 abac

540 3045 634 3088 auster
654 3036 829 3088 Emiliavan
841 3039 954 3088 Nuraau
975 3040 1045 3090 deur
1064 3040 1111 3090 bet
1130 3040 1409 3110 tusscbensprecclcen
1430 3057 1491 3090 vara

544 3125 780 3194 GrueffWillam.
799 3125 877 3180 tts.
889 3128 937 3180 cit.
954 3153 985 3168 ·-
1013 3128 1056 3180 Cf.
1075 3128 1111 3181 V.
1121 3130 1252 3197 Coppelle
1270 3129 1370 3197 opacit.
1387 3127 1487 3195 pub.

571 3218 611 3283 (τι)
632 3217 694 3266 Hoc
710 3217 863 3287 praecipue
879 3220 986 3270 Gemite
999 3219 1118 3290 fidoque
1129 3221 1240 3272 Achate
1261 3223 1368 3273 ricmiri
1389 3222 1489 3272 conai-

535 3305 585 3356 liia
606 3308 768 3374 capiendis,
788 3309 896 3359 lumin
914 3326 944 3360 re
962 3310 1086 3378 gerenda
1100 3309 1243 3377 patruelia
1261 3311 1350 3378 ipsius
1366 3311 1486 3361 Mauri·

535 3396 595 3446 tius
604 3395 756 3462 utebatur,
775 3398 886 3467 ejusque
903 3398 1101 3449 saluberrimis
1121 3400 1237 3450 monitis
1252 3398 1397 3450 tribuebat
1412 3400 1489 3468 plu.

535 3483 646 3536 rimam.
681 3484 812 3554 laingins,
836 3486 869 3536 de
888 3485 995 3538 Meritis
1017 3487 1229 3552 Nasaariornm,
1253 3487 1282 3538 in
1303 3487 1381 3540 Mine.
1397 3487 1488 3543 Gron.

537 3571 571 3624 Τ.
587 3572 608 3624 ί.
629 3572 691 3626 l'.l.
709 3593 736 3640 p.
748 3594 780 3646 77
801 3603 836 3621 ι-
860 3579 962 3646 Graeff
975 3577 1108 3640 Willcm,
1129 3580 1216 3629 wieres
1234 3579 1400 3646 raadraffne
1412 3581 1485 3633 Exn·

536 3662 644 3728 alletrjt
660 3665 824 3735 gebruq‘ckt.
835 3665 874 3716 Μ.
884 3663 914 3718 S.
924 3667 973 3718 cit.
986 3691 1017 3706 -
1055 3666 1224 3720 Wilbelmus
1234 3669 1411 3730 uodaricus,
1430 3688 1485 3720 cu-

526 3750 583 3817 jus
598 3762 632 3802 ut
643 3763 736 3805 aetate
747 3755 862 3819 majoris
873 3763 902 3806 et
912 3755 1070 3824 prudentia!
1082 3755 1221 3826 insignia,
1241 3757 1399 3808 auctoritas
1409 3759 1487 3827 apud

536 3840 708 3892 Mauritium
727 3852 756 3893 et
774 3845 892 3894 Ordines
912 3845 942 3895 in
958 3846 1053 3913 pretio
1073 3843 1235 3897 habebatur·
1261 3845 1326 3899 Ulr.
1341 3845 1415 3899 Hub.
1436 3863 1483 3914 op.

535 3927 582 3978 cit.
604 3925 632 3977 P.
648 3927 688 3982 11.
707 3930 774 3981 l.ll.
796 3928 905 3983 Secta.
923 3949 999 3985 cta.
1016 3931 1115 3999 utut.

573 4015 614 4084 (3)
633 4017 695 4070 Ulr.
710 4019 781 4072 Hah.
806 4039 834 4089 p.
852 4021 910 4078 365.
931 4023 992 4075 428.
1028 4021 1081 4075 Cli.
1106 4019 1204 4085 Klnit,
1231 4021 1483 4076 Gescb.derHoll.

540 4106 699 4178 Stactareg.
711 4107 848 4177 1).111.p.
860 4111 942 4182 870-
960 4110 1050 4164 basol.
1063 4129 1088 4163 v.
1102 4109 1178 4164 lloll.
1188 4127 1215 4179 p.
1227 4112 1285 4182 ¹49·
1295 4138 1321 4151 -
1336 4109 1481 4190 Sebuitep.

535 4196 630 4263 iuras.
