3432 5666
977 857 1035 928 112

536 1029 634 1121 bant,
658 1035 839 1121 arcessitur,
870 1033 910 1100 ad
942 1031 1175 1126 componendas
1201 1033 1288 1118 lites,
1318 1035 1471 1123 instigan-

536 1153 611 1240 dos,
634 1155 689 1248 qni
711 1158 827 1222 animos
846 1151 1107 1247 despondebant,
1127 1150 1260 1238 milites,
1278 1170 1309 1220 et
1321 1155 1474 1246 optimam

432 1366 436 1375 Ι
536 1277 771 1368 expugnationis
805 1278 886 1345 viam
918 1273 1130 1342 indicandam.
1186 1276 1249 1341 Iter
1288 1276 1356 1363 jam
1385 1278 1472 1364 cogi-

478 1468 484 1479 ,
538 1396 641 1479 tabat,
675 1420 748 1462 cum
778 1392 944 1462 adventare
982 1395 1016 1460 in
1040 1396 1167 1476 Batauos
1196 1395 1363 1488 Hispanica
1393 1397 1473 1464 clas-

538 1516 579 1582 sis
610 1517 831 1583 nunciabatur.
896 1516 1004 1606 Quare
1034 1515 1201 1582 Mauritius
1233 1516 1268 1580 in
1294 1515 1475 1586 zelandiam

458 1680 465 1691 -
496 1725 498 1734 J
540 1636 643 1727 copias
654 1634 770 1720 mittit,
789 1633 977 1719 Guilielmo,
998 1650 1034 1700 ut
1053 1658 1086 1700 se
1109 1636 1289 1719 conveniat,
1313 1638 1477 1729 praecipit.

541 1751 690 1820 Attamen
713 1777 769 1852 spe
788 1752 937 1846 decepti,
967 1755 1023 1844 qui
1043 1754 1154 1821 Resam
1176 1752 1381 1837 obsidebant,
1404 1781 1478 1822 curn

541 1876 632 1962 pej0r
653 1875 688 1940 in
712 1872 777 1940 dies
799 1875 950 1942 exercitus
977 1871 1141 1967 disciplina
1170 1873 1281 1958 fieret,
1310 1897 1475 1942 moninus-

533 2005 606 2082 'que
629 1991 863 2086 oppidanorum
883 1995 919 2059 in
950 2009 1048 2060 castra
1080 2019 1154 2060 cum
1185 2018 1328 2062 successu
1357 1991 1478 2064 identi-

543 2109 617 2180 dem
642 2128 880 2205 repeterentur,
915 2114 1029 2180 iterum
1060 2136 1121 2206 per
1152 2112 1265 2201 legatos
1297 2115 1481 2184 Mamitium

543 2234 663 2324 precati
695 2248 790 2317 sunt,
820 2224 963 2300 'uritteret
993 2255 1066 2300 cum
1098 2257 1195 2300 mauu
1227 2231 1409 2324 patruelem
1451 2233 1481 2300 Ia

544 2367 739 2446 compertam
748 2376 806 2446 per
825 2369 924 2420 certos
943 2354 1062 2420 tristem
1079 2369 1252 2420 castrorum
1268 2351 1481 2422 conditionem

545 2470 664 2538 babens
676 2521 685 2556 ,
699 2473 755 2538 etsi
767 2470 945 2564 desperaret
968 2495 1007 2538 ex
1027 2469 1166 2538 adventu
1180 2496 1237 2540 suo
1252 2471 1380 2540 salutern
1396 2472 1481 2558 fore,

545 2590 586 2658 de
598 2617 651 2658 sua
661 2596 840 2660 auctoritate
852 2594 1021 2686 praesentis
1043 2589 1221 2675 dubitaret,
1244 2608 1399 2660 vereretur
1420 2615 1482 2675 ne,

546 2714 572 2778 si
593 2711 674 2782 nmle
697 2711 910 2794 recrederet,
932 2711 1004 2805 plus
1026 2710 1229 2779 'contumeliae
1254 2735 1351 2800 qnam
1372 2711 1483 2798 gratiae

548 2832 721 2916 inveniret,
742 2833 768 2896 si
788 2829 989 2914 succederet,
1013 2845 1195 2921 carperetur
1217 2829 1359 2914 invidit,
1383 2847 1485 2900 tamen

549 2951 592 3017 ob
625 2950 743 3041 patriae
776 2973 933 3034 amorem,
963 2951 1022 3019 ‘cui
1051 2947 1236 3044 expediebat
1269 2952 1422 3035 maxime,
1451 2968 1488 3017 ut

455 3122 460 3133 .
551 3085 635 3136 trans
663 3068 814 3136 Rhenum
842 3067 982 3136 redirent
1014 3069 1167 3161 Hispani,
1200 3093 1237 3136 ex
1265 3068 1383 3163 templo
1413 3093 1487 3138 eum

551 3189 658 3280 paucis
671 3205 768 3255 caetra
779 3189 891 3281 petivit
903 3219 914 3274 3
941 3206 972 3255 at
985 3214 1059 3257 vero
1074 3190 1109 3254 in
1120 3189 1231 3255 itinere
1244 3190 1357 3281 certior
1370 3187 1485 3274 sactus,

553 3307 682 3375 consum
706 3310 825 3394 agnina
847 3309 1007 3376 Eunicam
1037 3331 1238 3401 properasse,
1269 3331 1307 3376 eo
1334 3306 1488 3392 tendens,

553 3444 586 3492 et
609 3424 767 3494 sordidam
794 3427 945 3494 exercitus
973 3426 1186 3496 conditionem
1214 3428 1490 3518 contentionesque
1540 3459 1545 3467 ’

553 3546 674 3615 ducum
695 3548 901 3615 acerbissimas
922 3548 1096 3640 accipiens,
1127 3546 1323 3612 temerarium
1335 3569 1405 3615 esse
1422 3561 1488 3612 sta-

556 3670 635 3753 tuit,
657 3667 781 3732 irritum
811 3663 985 3732 remedium
1008 3663 1177 3760 desperatis
1204 3667 1297 3732 rebus
1321 3691 1392 3732 suae
1419 3689 1490 3733 cum

556 3785 653 3851 santae
679 3785 859 3854 discrimine
889 3783 998 3852 afferre
1027 3783 1112 3854 velle.
1139 3783 1180 3872 (¹)
1225 3786 1395 3875 Quocirca·
1410 3809 1489 3877 sup-

596 3974 637 4042 (ι)
656 3973 832 4028 blandarono
857 3975 883 4026 le
899 3977 1047 4031 Provincia
1067 3973 1152 4028 unire
1167 3977 1214 4028 nel
1232 3977 1334 4047 Campo
1353 3977 1490 4029 Alaman-

561 4080 599 4115 no
617 4062 642 4114 il
660 4064 745 4114 Orate
767 4063 921 4133 Guglieimo
938 4067 969 4118 dt
986 4068 1113 4130 Narrare,
1137 4067 1322 4120 Govematore
1338 4067 1369 4118 dt
1386 4068 1490 4128 Face,

498 4195 503 4208 .
565 4151 665 4203 baama
686 4169 793 4220 grove,
823 4174 837 4205 e
863 4155 894 4206 ‹ti
919 4151 1005 4206 molto
1028 4153 1140 4216 valore,
1170 4171 1184 4206 e
1204 4155 1298 4224 primo
1322 4155 1423 4222 eagina
1450 4154 1498 4206 del
