<?xml version="1.0" encoding="UTF-8"?>
<!DOCTYPE html PUBLIC "-//W3C//DTD XHTML 1.0 Transitional//EN"
    "http://www.w3.org/TR/xhtml1/DTD/xhtml1-transitional.dtd">
<html xmlns="http://www.w3.org/1999/xhtml" xml:lang="en" lang="en">
 <head>
  <title>
</title>
<meta http-equiv="Content-Type" content="text/html;charset=utf-8" />
  <meta name='ocr-system' content='tesseract 3.04.00' />
  <meta name='ocr-capabilities' content='ocr_page ocr_carea ocr_par ocr_line ocrx_word'/>
</head>
<body>
  <div class='ocr_page' id='page_1' title='image "./diatribeinguili00heusgoog_0168.png"; bbox 0 0 3408 5664; ppageno 0'>
   <div class='ocr_carea' id='block_1_1' title="bbox 962 865 1047 931">
    <p class='ocr_par' dir='ltr' id='par_1_1' title="bbox 962 865 1047 931">
     <span class='ocr_line' id='line_1_1' title="bbox 962 865 1047 931; baseline 0.012 -1"><span class='ocrx_word' id='word_1_1' title='bbox 962 897 965 904; x_wconf 48' lang='lat'>*</span> <span class='ocrx_word' id='word_1_2' title='bbox 987 865 1047 931; x_wconf 77' lang='lat'><strong>148</strong></span> 
     </span>
    </p>
   </div>
   <div class='ocr_carea' id='block_1_2' title="bbox 546 1013 1488 1120">
    <p class='ocr_par' dir='ltr' id='par_1_2' title="bbox 546 1013 1488 1120">
     <span class='ocr_line' id='line_1_2' title="bbox 546 1013 1488 1120; baseline -0.005 -15"><span class='ocrx_word' id='word_1_3' title='bbox 546 1063 567 1105; x_wconf 79' lang='lat' dir='ltr'><strong>n</strong></span> <span class='ocrx_word' id='word_1_4' title='bbox 589 1037 750 1112; x_wconf 76' lang='lat' dir='ltr'><strong>riculumr</strong></span> <span class='ocrx_word' id='word_1_5' title='bbox 788 1038 1061 1109; x_wconf 76' lang='lat' dir='ltr'><strong>continuabuntur</strong></span> <span class='ocrx_word' id='word_1_6' title='bbox 1082 1013 1280 1120; x_wconf 81' lang='lat' dir='ltr'><strong>obsidiones,</strong></span> <span class='ocrx_word' id='word_1_7' title='bbox 1303 1053 1356 1102; x_wconf 83' lang='lat' dir='ltr'><strong>aut</strong></span> <span class='ocrx_word' id='word_1_8' title='bbox 1377 1039 1401 1100; x_wconf 89' lang='lat' dir='ltr'><strong>si</strong></span> <span class='ocrx_word' id='word_1_9' title='bbox 1423 1028 1488 1102; x_wconf 87' lang='lat' dir='ltr'><strong>sol·-</strong></span> 
     </span>
    </p>
   </div>
   <div class='ocr_carea' id='block_1_3' title="bbox 475 1155 1499 2802">
    <p class='ocr_par' dir='ltr' id='par_1_3' title="bbox 475 1155 1499 2802">
     <span class='ocr_line' id='line_1_3' title="bbox 545 1155 1486 1252; baseline -0.003 -30"><span class='ocrx_word' id='word_1_10' title='bbox 545 1184 566 1224; x_wconf 67' lang='grc' dir='ltr'><strong>ι)</strong></span> <span class='ocrx_word' id='word_1_11' title='bbox 588 1183 658 1226; x_wconf 76' lang='lat' dir='ltr'><strong>vere</strong></span> <span class='ocrx_word' id='word_1_12' title='bbox 689 1183 737 1224; x_wconf 90' lang='lat' dir='ltr'><strong>eas</strong></span> <span class='ocrx_word' id='word_1_13' title='bbox 769 1175 932 1252; x_wconf 83' lang='lat' dir='ltr'><strong>oporteat,</strong></span> <span class='ocrx_word' id='word_1_14' title='bbox 968 1175 1035 1224; x_wconf 86' lang='lat' dir='ltr'><strong>tuta</strong></span> <span class='ocrx_word' id='word_1_15' title='bbox 1057 1158 1176 1246; x_wconf 83' lang='lat' dir='ltr'><strong>reliqua</strong></span> <span class='ocrx_word' id='word_1_16' title='bbox 1199 1158 1238 1222; x_wconf 88' lang='lat' dir='ltr'><strong>ab</strong></span> <span class='ocrx_word' id='word_1_17' title='bbox 1262 1155 1400 1222; x_wconf 76' lang='lat' dir='ltr'><strong>hostium</strong></span> <span class='ocrx_word' id='word_1_18' title='bbox 1421 1157 1486 1220; x_wconf 53' lang='lat' dir='ltr'><strong>im*</strong></span> 
     </span>
     <span class='ocr_line' id='line_1_4' title="bbox 475 1275 1487 1367; baseline -0.001 -25"><span class='ocrx_word' id='word_1_19' title='bbox 475 1345 478 1349; x_wconf 75' lang='grc'>,</span> <span class='ocrx_word' id='word_1_20' title='bbox 544 1303 566 1342; x_wconf 83' lang='grc'><strong>&gt;&gt;</strong></span> <span class='ocrx_word' id='word_1_21' title='bbox 588 1295 665 1367; x_wconf 89' lang='lat' dir='ltr'><strong>petu</strong></span> <span class='ocrx_word' id='word_1_22' title='bbox 699 1293 804 1344; x_wconf 84' lang='lat' dir='ltr'><strong>erunt.</strong></span> <span class='ocrx_word' id='word_1_23' title='bbox 855 1279 926 1344; x_wconf 87' lang='lat' dir='ltr'><strong>Jam</strong></span> <span class='ocrx_word' id='word_1_24' title='bbox 953 1301 1027 1344; x_wconf 83' lang='lat' dir='ltr'><strong>vero</strong></span> <span class='ocrx_word' id='word_1_25' title='bbox 1060 1275 1317 1359; x_wconf 78' lang='lat' dir='ltr'><strong>anirnadvertite,</strong></span> <span class='ocrx_word' id='word_1_26' title='bbox 1352 1300 1487 1366; x_wconf 79' lang='lat' dir='ltr'><strong>quaeso,</strong></span> 
     </span>
     <span class='ocr_line' id='line_1_5' title="bbox 544 1395 1484 1490; baseline 0 -29"><span class='ocrx_word' id='word_1_27' title='bbox 544 1422 565 1462; x_wconf 86' lang='lat'>»</span> <span class='ocrx_word' id='word_1_28' title='bbox 587 1399 828 1490; x_wconf 79' lang='lat' dir='ltr'><strong>quamprimum</strong></span> <span class='ocrx_word' id='word_1_29' title='bbox 851 1398 957 1464; x_wconf 86' lang='lat' dir='ltr'>Rheni</span> <span class='ocrx_word' id='word_1_30' title='bbox 977 1399 1145 1488; x_wconf 80' lang='lat' dir='ltr'><strong>Musaeque</strong></span> <span class='ocrx_word' id='word_1_31' title='bbox 1164 1421 1235 1462; x_wconf 88' lang='lat' dir='ltr'><strong>orae</strong></span> <span class='ocrx_word' id='word_1_32' title='bbox 1256 1413 1394 1462; x_wconf 87' lang='lat' dir='ltr'><strong>exemtae</strong></span> <span class='ocrx_word' id='word_1_33' title='bbox 1414 1395 1484 1461; x_wconf 90' lang='lat' dir='ltr'><strong>bel-</strong></span> 
     </span>
     <span class='ocr_line' id='line_1_6' title="bbox 544 1515 1484 1606; baseline 0.002 -27"><span class='ocrx_word' id='word_1_34' title='bbox 544 1541 565 1580; x_wconf 90' lang='lat'>»</span> <span class='ocrx_word' id='word_1_35' title='bbox 586 1516 617 1581; x_wconf 93' lang='lat' dir='ltr'><strong>lo</strong></span> <span class='ocrx_word' id='word_1_36' title='bbox 641 1534 755 1600; x_wconf 83' lang='lat' dir='ltr'><strong>erunt,</strong></span> <span class='ocrx_word' id='word_1_37' title='bbox 780 1541 877 1606; x_wconf 90' lang='lat' dir='ltr'><strong>quam</strong></span> <span class='ocrx_word' id='word_1_38' title='bbox 904 1515 980 1582; x_wconf 85' lang='lat' dir='ltr'><strong>laeta</strong></span> <span class='ocrx_word' id='word_1_39' title='bbox 1012 1516 1120 1582; x_wconf 71' lang='lat' dir='ltr'><strong>nobis·</strong></span> <span class='ocrx_word' id='word_1_40' title='bbox 1129 1518 1254 1600; x_wconf 86' lang='lat' dir='ltr'><strong>omnia,</strong></span> <span class='ocrx_word' id='word_1_41' title='bbox 1277 1541 1373 1606; x_wconf 87' lang='lat' dir='ltr'><strong>quam</strong></span> <span class='ocrx_word' id='word_1_42' title='bbox 1391 1541 1484 1583; x_wconf 90' lang='lat' dir='ltr'><strong>secu-</strong></span> 
     </span>
     <span class='ocr_line' id='line_1_7' title="bbox 543 1635 1482 1729; baseline -0.001 -29"><span class='ocrx_word' id='word_1_43' title='bbox 543 1652 566 1700; x_wconf 85' lang='lat'><strong>»&#39;</strong></span> <span class='ocrx_word' id='word_1_44' title='bbox 586 1661 642 1720; x_wconf 84' lang='lat' dir='ltr'><strong>ra,</strong></span> <span class='ocrx_word' id='word_1_45' title='bbox 672 1661 768 1725; x_wconf 90' lang='lat' dir='ltr'><strong>quam</strong></span> <span class='ocrx_word' id='word_1_46' title='bbox 789 1635 972 1729; x_wconf 87' lang='lat' dir='ltr'><strong>amplificati</strong></span> <span class='ocrx_word' id='word_1_47' title='bbox 992 1635 1073 1701; x_wconf 87' lang='lat' dir='ltr'><strong>fines</strong></span> <span class='ocrx_word' id='word_1_48' title='bbox 1094 1637 1241 1726; x_wconf 83' lang='lat' dir='ltr'><strong>imperii,</strong></span> <span class='ocrx_word' id='word_1_49' title='bbox 1277 1660 1372 1725; x_wconf 90' lang='lat' dir='ltr'><strong>quam</strong></span> <span class='ocrx_word' id='word_1_50' title='bbox 1405 1659 1482 1700; x_wconf 92' lang='lat' dir='ltr'><strong>mu-</strong></span> 
     </span>
     <span class='ocr_line' id='line_1_8' title="bbox 543 1752 1481 1846; baseline -0.002 -28"><span class='ocrx_word' id='word_1_51' title='bbox 543 1781 564 1820; x_wconf 86' lang='lat'>»</span> <span class='ocrx_word' id='word_1_52' title='bbox 586 1757 645 1819; x_wconf 87' lang='lat' dir='ltr'><strong>niti</strong></span> <span class='ocrx_word' id='word_1_53' title='bbox 667 1754 838 1820; x_wconf 84' lang='lat' dir='ltr'><strong>fluminum</strong></span> <span class='ocrx_word' id='word_1_54' title='bbox 858 1752 1028 1846; x_wconf 80' lang='lat' dir='ltr'><strong>praesidiis.</strong></span> <span class='ocrx_word' id='word_1_55' title='bbox 1074 1755 1128 1821; x_wconf 91' lang='lat' dir='ltr'><strong>Sic</strong></span> <span class='ocrx_word' id='word_1_56' title='bbox 1151 1753 1280 1844; x_wconf 88' lang='lat' dir='ltr'><strong>quidem</strong></span> <span class='ocrx_word' id='word_1_57' title='bbox 1301 1754 1382 1820; x_wconf 86' lang='lat' dir='ltr'><strong>hosti</strong></span> <span class='ocrx_word' id='word_1_58' title='bbox 1401 1777 1481 1845; x_wconf 90' lang='lat' dir='ltr'><strong>per-</strong></span> 
     </span>
     <span class='ocr_line' id='line_1_9' title="bbox 542 1871 1484 1966; baseline -0.002 -28"><span class='ocrx_word' id='word_1_59' title='bbox 542 1899 563 1940; x_wconf 89' lang='lat'>»</span> <span class='ocrx_word' id='word_1_60' title='bbox 584 1873 698 1941; x_wconf 82' lang='lat' dir='ltr'><strong>multae</strong></span> <span class='ocrx_word' id='word_1_61' title='bbox 715 1873 756 1940; x_wconf 59' lang='lat' dir='ltr'><strong>&#39;ad</strong></span> <span class='ocrx_word' id='word_1_62' title='bbox 776 1872 994 1960; x_wconf 80' lang='lat' dir='ltr'><strong>excogitandas</strong></span> <span class='ocrx_word' id='word_1_63' title='bbox 1014 1890 1046 1939; x_wconf 89' lang='lat' dir='ltr'><strong>et</strong></span> <span class='ocrx_word' id='word_1_64' title='bbox 1065 1871 1292 1966; x_wconf 84' lang='lat' dir='ltr'><strong>perpetrandas</strong></span> <span class='ocrx_word' id='word_1_65' title='bbox 1311 1872 1385 1938; x_wconf 91' lang='lat' dir='ltr'><strong>belli</strong></span> <span class='ocrx_word' id='word_1_66' title='bbox 1402 1887 1484 1936; x_wconf 87' lang='lat' dir='ltr'><strong>artes</strong></span> 
     </span>
     <span class='ocr_line' id='line_1_10' title="bbox 541 1975 1482 2076; baseline -0.001 -20"><span class='ocrx_word' id='word_1_67' title='bbox 541 1975 763 2059; x_wconf 69' lang='lat' dir='ltr'><strong>»adimantur</strong></span> <span class='ocrx_word' id='word_1_68' title='bbox 798 1994 989 2060; x_wconf 82' lang='lat' dir='ltr'><strong>occasiones:</strong></span> <span class='ocrx_word' id='word_1_69' title='bbox 1036 1995 1080 2059; x_wconf 89' lang='lat' dir='ltr'><strong>sic</strong></span> <span class='ocrx_word' id='word_1_70' title='bbox 1111 1992 1253 2076; x_wconf 85' lang='lat' dir='ltr'><strong>accidet,</strong></span> <span class='ocrx_word' id='word_1_71' title='bbox 1297 2009 1333 2058; x_wconf 88' lang='lat' dir='ltr'><strong>ut</strong></span> <span class='ocrx_word' id='word_1_72' title='bbox 1372 1990 1482 2056; x_wconf 86' lang='lat' dir='ltr'><strong>melius</strong></span> 
     </span>
     <span class='ocr_line' id='line_1_11' title="bbox 540 2109 1499 2208; baseline 0.001 -32"><span class='ocrx_word' id='word_1_73' title='bbox 540 2137 562 2176; x_wconf 71' lang='lat' dir='ltr'><strong>&gt;a</strong></span> <span class='ocrx_word' id='word_1_74' title='bbox 584 2110 777 2203; x_wconf 88' lang='lat' dir='ltr'><strong>validiusque</strong></span> <span class='ocrx_word' id='word_1_75' title='bbox 800 2135 838 2174; x_wconf 85' lang='lat' dir='ltr'><strong>ex</strong></span> <span class='ocrx_word' id='word_1_76' title='bbox 859 2109 909 2174; x_wconf 91' lang='lat' dir='ltr'><strong>his</strong></span> <span class='ocrx_word' id='word_1_77' title='bbox 928 2112 1108 2196; x_wconf 81' lang='lat' dir='ltr'><strong>regionibus</strong></span> <span class='ocrx_word' id='word_1_78' title='bbox 1132 2111 1285 2204; x_wconf 81' lang='lat' dir='ltr'><strong>pellatur,</strong></span> <span class='ocrx_word' id='word_1_79' title='bbox 1330 2109 1499 2208; x_wconf 69' lang='lat' dir='ltr'><strong>quando-¹</strong></span> 
     </span>
     <span class='ocr_line' id='line_1_12' title="bbox 540 2230 1487 2322; baseline 0.003 -29"><span class='ocrx_word' id='word_1_80' title='bbox 540 2255 562 2294; x_wconf 79' lang='lat' dir='ltr'><strong>&gt;r</strong></span> <span class='ocrx_word' id='word_1_81' title='bbox 584 2230 715 2320; x_wconf 85' lang='lat' dir='ltr'><strong>quidem</strong></span> <span class='ocrx_word' id='word_1_82' title='bbox 757 2255 797 2296; x_wconf 85' lang='lat' dir='ltr'><strong>ex</strong></span> <span class='ocrx_word' id='word_1_83' title='bbox 837 2254 905 2295; x_wconf 90' lang='lat' dir='ltr'><strong>mea</strong></span> <span class='ocrx_word' id='word_1_84' title='bbox 938 2231 1100 2322; x_wconf 69' lang='lat' dir='ltr'><strong>provincia</strong></span> <span class='ocrx_word' id='word_1_85' title='bbox 1132 2231 1193 2297; x_wconf 89' lang='lat' dir='ltr'><strong>sola</strong></span> <span class='ocrx_word' id='word_1_86' title='bbox 1227 2248 1350 2322; x_wconf 85' lang='lat' dir='ltr'><strong>praesto</strong></span> <span class='ocrx_word' id='word_1_87' title='bbox 1385 2248 1487 2296; x_wconf 50' lang='lat' dir='ltr'><strong>erunt¹</strong></span> 
     </span>
     <span class='ocr_line' id='line_1_13' title="bbox 540 2347 1479 2416; baseline 0 -2"><span class='ocrx_word' id='word_1_88' title='bbox 540 2374 561 2415; x_wconf 74' lang='lat' dir='ltr'><strong>&gt;r</strong></span> <span class='ocrx_word' id='word_1_89' title='bbox 582 2352 641 2414; x_wconf 86' lang='lat' dir='ltr'><strong>t1ia</strong></span> <span class='ocrx_word' id='word_1_90' title='bbox 665 2349 801 2415; x_wconf 89' lang='lat' dir='ltr'><strong>militum</strong></span> <span class='ocrx_word' id='word_1_91' title='bbox 828 2347 923 2414; x_wconf 91' lang='lat' dir='ltr'><strong>millia</strong></span> <span class='ocrx_word' id='word_1_92' title='bbox 954 2347 994 2414; x_wconf 87' lang='lat' dir='ltr'><strong>ad</strong></span> <span class='ocrx_word' id='word_1_93' title='bbox 1023 2347 1222 2416; x_wconf 86' lang='lat' dir='ltr'><strong>militandum</strong></span> <span class='ocrx_word' id='word_1_94' title='bbox 1250 2351 1284 2414; x_wconf 90' lang='lat' dir='ltr'><strong>in</strong></span> <span class='ocrx_word' id='word_1_95' title='bbox 1314 2352 1479 2416; x_wconf 77' lang='lat' dir='ltr'><strong>Brabantia</strong></span> 
     </span>
     <span class='ocr_line' id='line_1_14' title="bbox 540 2467 1478 2556; baseline 0 -22"><span class='ocrx_word' id='word_1_96' title='bbox 540 2496 561 2537; x_wconf 75' lang='lat' dir='ltr'><strong>&gt;r</strong></span> <span class='ocrx_word' id='word_1_97' title='bbox 582 2487 615 2535; x_wconf 85' lang='lat' dir='ltr'><strong>et</strong></span> <span class='ocrx_word' id='word_1_98' title='bbox 648 2471 885 2536; x_wconf 87' lang='lat' dir='ltr'><strong>Transmosanis</strong></span> <span class='ocrx_word' id='word_1_99' title='bbox 919 2469 1118 2556; x_wconf 84' lang='lat' dir='ltr'><strong>regionibus,</strong></span> <span class='ocrx_word' id='word_1_100' title='bbox 1162 2470 1219 2535; x_wconf 91' lang='lat' dir='ltr'><strong>ubi</strong></span> <span class='ocrx_word' id='word_1_101' title='bbox 1248 2470 1341 2534; x_wconf 90' lang='lat' dir='ltr'><strong>nimis</strong></span> <span class='ocrx_word' id='word_1_102' title='bbox 1379 2467 1478 2534; x_wconf 86' lang='lat' dir='ltr'><strong>infir—</strong></span> 
     </span>
     <span class='ocr_line' id='line_1_15' title="bbox 539 2587 1478 2680; baseline -0.002 -25"><span class='ocrx_word' id='word_1_103' title='bbox 539 2615 649 2659; x_wconf 85' lang='lat' dir='ltr'><strong>»mae</strong></span> <span class='ocrx_word' id='word_1_104' title='bbox 680 2588 909 2656; x_wconf 80' lang='lat' dir='ltr'><strong>foederatorum</strong></span> <span class='ocrx_word' id='word_1_105' title='bbox 943 2591 1050 2680; x_wconf 88' lang='lat' dir='ltr'><strong>copiae</strong></span> <span class='ocrx_word' id='word_1_106' title='bbox 1080 2587 1225 2654; x_wconf 83' lang='lat' dir='ltr'><strong>suntad</strong></span> <span class='ocrx_word' id='word_1_107' title='bbox 1260 2611 1308 2654; x_wconf 85' lang='lat' dir='ltr'><strong>res</strong></span> <span class='ocrx_word' id='word_1_108' title='bbox 1348 2590 1478 2675; x_wconf 83' lang='lat' dir='ltr'><strong>majores</strong></span> 
     </span>
     <span class='ocr_line' id='line_1_16' title="bbox 540 2707 1479 2802; baseline -0.006 -25"><span class='ocrx_word' id='word_1_109' title='bbox 540 2735 561 2777; x_wconf 89' lang='lat'>»</span> <span class='ocrx_word' id='word_1_110' title='bbox 582 2709 724 2796; x_wconf 83' lang='lat' dir='ltr'><strong>agendas.</strong></span> <span class='ocrx_word' id='word_1_111' title='bbox 781 2711 1005 2802; x_wconf 79' lang='lat' dir='ltr'><strong>Quapropter,</strong></span> <span class='ocrx_word' id='word_1_112' title='bbox 1041 2707 1228 2775; x_wconf 89' lang='lat' dir='ltr'><strong>Nobilissimi</strong></span> <span class='ocrx_word' id='word_1_113' title='bbox 1249 2708 1339 2789; x_wconf 77' lang='lat' dir='ltr'><strong>Viri,</strong></span> <span class='ocrx_word' id='word_1_114' title='bbox 1371 2722 1479 2772; x_wconf 76' lang='lat' dir='ltr'><strong>auccor</strong></span> 
     </span>
    </p>
   </div>
   <div class='ocr_carea' id='block_1_4' title="bbox 439 2821 1477 2918">
    <p class='ocr_par' dir='ltr' id='par_1_4' title="bbox 439 2821 1477 2918">
     <span class='ocr_line' id='line_1_17' title="bbox 439 2821 1477 2918; baseline -0.008 -23"><span class='ocrx_word' id='word_1_115' title='bbox 439 2821 442 2832; x_wconf 52' lang='lat'><strong>¹</strong></span> <span class='ocrx_word' id='word_1_116' title='bbox 540 2855 562 2895; x_wconf 85' lang='lat'>»</span> <span class='ocrx_word' id='word_1_117' title='bbox 583 2829 669 2895; x_wconf 90' lang='lat' dir='ltr'><strong>vobis</strong></span> <span class='ocrx_word' id='word_1_118' title='bbox 689 2851 782 2912; x_wconf 85' lang='lat' dir='ltr'><strong>sum,</strong></span> <span class='ocrx_word' id='word_1_119' title='bbox 804 2843 841 2892; x_wconf 87' lang='lat' dir='ltr'><strong>ut</strong></span> <span class='ocrx_word' id='word_1_120' title='bbox 859 2824 960 2892; x_wconf 86' lang='lat' dir='ltr'><strong>audax</strong></span> <span class='ocrx_word' id='word_1_121' title='bbox 980 2828 1179 2918; x_wconf 81' lang='lat' dir='ltr'><strong>propositum</strong></span> <span class='ocrx_word' id='word_1_122' title='bbox 1199 2824 1477 2916; x_wconf 87' lang='lat' dir='ltr'><strong>exsequamini,in</strong></span> 
     </span>
    </p>
   </div>
   <div class='ocr_carea' id='block_1_5' title="bbox 510 2945 1546 4228">
    <p class='ocr_par' dir='ltr' id='par_1_5' title="bbox 510 2945 1546 4228">
     <span class='ocr_line' id='line_1_18' title="bbox 540 2945 1478 3038; baseline -0.007 -24"><span class='ocrx_word' id='word_1_123' title='bbox 540 2971 563 3014; x_wconf 73' lang='lat' dir='ltr'><strong>&gt;r</strong></span> <span class='ocrx_word' id='word_1_124' title='bbox 582 2948 756 3038; x_wconf 82' lang='lat' dir='ltr'><strong>proximam</strong></span> <span class='ocrx_word' id='word_1_125' title='bbox 784 2961 887 3012; x_wconf 82' lang='lat' dir='ltr'><strong>autem</strong></span> <span class='ocrx_word' id='word_1_126' title='bbox 923 2961 1068 3011; x_wconf 86' lang='lat' dir='ltr'><strong>aestatem</strong></span> <span class='ocrx_word' id='word_1_127' title='bbox 1091 2946 1265 3012; x_wconf 89' lang='lat' dir='ltr'><strong>necessariis</strong></span> <span class='ocrx_word' id='word_1_128' title='bbox 1298 2945 1478 3033; x_wconf 76' lang='lat' dir='ltr'><strong>quibusque</strong></span> 
     </span>
     <span class='ocr_line' id='line_1_19' title="bbox 539 3062 1479 3158; baseline -0.01 -25"><span class='ocrx_word' id='word_1_129' title='bbox 539 3093 561 3136; x_wconf 85' lang='lat'><strong>&gt;›</strong></span> <span class='ocrx_word' id='word_1_130' title='bbox 582 3065 622 3132; x_wconf 88' lang='lat' dir='ltr'><strong>ad</strong></span> <span class='ocrx_word' id='word_1_131' title='bbox 639 3063 872 3158; x_wconf 81' lang='lat' dir='ltr'><strong>expeditionem</strong></span> <span class='ocrx_word' id='word_1_132' title='bbox 890 3064 1023 3156; x_wconf 87' lang='lat' dir='ltr'><strong>paratis,</strong></span> <span class='ocrx_word' id='word_1_133' title='bbox 1046 3065 1152 3132; x_wconf 83' lang='lat' dir='ltr'><strong>Divini</strong></span> <span class='ocrx_word' id='word_1_134' title='bbox 1171 3064 1315 3132; x_wconf 86' lang='lat' dir='ltr'><strong>Numinis</strong></span> <span class='ocrx_word' id='word_1_135' title='bbox 1333 3062 1479 3152; x_wconf 85' lang='lat' dir='ltr'><strong>auspiciis</strong></span> 
     </span>
     <span class='ocr_line' id='line_1_20' title="bbox 538 3182 1476 3268; baseline -0.004 -17"><span class='ocrx_word' id='word_1_136' title='bbox 538 3213 560 3252; x_wconf 89' lang='lat'>»</span> <span class='ocrx_word' id='word_1_137' title='bbox 582 3203 646 3251; x_wconf 90' lang='lat' dir='ltr'><strong>tam</strong></span> <span class='ocrx_word' id='word_1_138' title='bbox 664 3185 739 3250; x_wconf 81' lang='lat' dir='ltr'><strong>utile</strong></span> <span class='ocrx_word' id='word_1_139' title='bbox 764 3183 882 3251; x_wconf 88' lang='lat' dir='ltr'><strong>bellum</strong></span> <span class='ocrx_word' id='word_1_140' title='bbox 901 3182 1113 3251; x_wconf 82' lang='lat' dir='ltr'><strong>exordiamiui.</strong></span> <span class='ocrx_word' id='word_1_141' title='bbox 1159 3183 1191 3251; x_wconf 85' lang='lat' dir='ltr'>A</span> <span class='ocrx_word' id='word_1_142' title='bbox 1213 3184 1392 3268; x_wconf 85' lang='lat' dir='ltr'><strong>Groningae</strong></span> <span class='ocrx_word' id='word_1_143' title='bbox 1412 3182 1476 3247; x_wconf 87' lang='lat' dir='ltr'><strong>ob-</strong></span> 
     </span>
     <span class='ocr_line' id='line_1_21' title="bbox 537 3300 1475 3392; baseline -0.005 -23"><span class='ocrx_word' id='word_1_144' title='bbox 537 3330 560 3372; x_wconf 86' lang='lat'>»</span> <span class='ocrx_word' id='word_1_145' title='bbox 580 3303 700 3372; x_wconf 91' lang='lat' dir='ltr'><strong>sidione</strong></span> <span class='ocrx_word' id='word_1_146' title='bbox 721 3302 778 3370; x_wconf 85' lang='lat' dir='ltr'><strong>fiat</strong></span> <span class='ocrx_word' id='word_1_147' title='bbox 797 3304 942 3370; x_wconf 73' lang='lat' dir='ltr'><strong>initiuma</strong></span> <span class='ocrx_word' id='word_1_148' title='bbox 967 3326 1042 3370; x_wconf 90' lang='lat' dir='ltr'><strong>nam</strong></span> <span class='ocrx_word' id='word_1_149' title='bbox 1065 3304 1128 3369; x_wconf 87' lang='lat' dir='ltr'><strong>sive</strong></span> <span class='ocrx_word' id='word_1_150' title='bbox 1153 3300 1316 3369; x_wconf 89' lang='lat' dir='ltr'><strong>commoda</strong></span> <span class='ocrx_word' id='word_1_151' title='bbox 1347 3316 1475 3392; x_wconf 86' lang='lat' dir='ltr'><strong>specta-</strong></span> 
     </span>
     <span class='ocr_line' id='line_1_22' title="bbox 538 3418 1546 3512; baseline -0.01 -18"><span class='ocrx_word' id='word_1_152' title='bbox 538 3449 560 3494; x_wconf 80' lang='lat'>»</span> <span class='ocrx_word' id='word_1_153' title='bbox 581 3449 670 3508; x_wconf 84' lang='lat' dir='ltr'><strong>mus,</strong></span> <span class='ocrx_word' id='word_1_154' title='bbox 693 3424 899 3510; x_wconf 68' lang='lat' dir='ltr'><strong>Groninganl</strong></span> <span class='ocrx_word' id='word_1_155' title='bbox 921 3424 1044 3490; x_wconf 84' lang='lat' dir='ltr'><strong>civitate</strong></span> <span class='ocrx_word' id='word_1_156' title='bbox 1062 3421 1148 3488; x_wconf 86' lang='lat' dir='ltr'><strong>nulla</strong></span> <span class='ocrx_word' id='word_1_157' title='bbox 1173 3419 1370 3512; x_wconf 84' lang='lat' dir='ltr'><strong>opulentior,</strong></span> <span class='ocrx_word' id='word_1_158' title='bbox 1392 3418 1476 3486; x_wconf 89' lang='lat' dir='ltr'><strong>nulla</strong></span> <span class='ocrx_word' id='word_1_159' title='bbox 1543 3477 1546 3484; x_wconf 87' lang='lat'>.</span> 
     </span>
     <span class='ocr_line' id='line_1_23' title="bbox 538 3539 1476 3626; baseline -0.002 -18"><span class='ocrx_word' id='word_1_160' title='bbox 538 3568 560 3610; x_wconf 89' lang='lat'>»</span> <span class='ocrx_word' id='word_1_161' title='bbox 581 3541 729 3626; x_wconf 87' lang='lat' dir='ltr'><strong>validior,</strong></span> <span class='ocrx_word' id='word_1_162' title='bbox 751 3541 835 3607; x_wconf 91' lang='lat' dir='ltr'><strong>nulla</strong></span> <span class='ocrx_word' id='word_1_163' title='bbox 870 3541 1043 3608; x_wconf 85' lang='lat' dir='ltr'><strong>nobiliora</strong></span> <span class='ocrx_word' id='word_1_164' title='bbox 1065 3543 1174 3608; x_wconf 86' lang='lat' dir='ltr'><strong>Mosae</strong></span> <span class='ocrx_word' id='word_1_165' title='bbox 1195 3541 1313 3606; x_wconf 81' lang='lat' dir='ltr'><strong>oriente</strong></span> <span class='ocrx_word' id='word_1_166' title='bbox 1337 3540 1376 3604; x_wconf 81' lang='lat' dir='ltr'><strong>ab</strong></span> <span class='ocrx_word' id='word_1_167' title='bbox 1397 3539 1476 3606; x_wconf 89' lang='lat' dir='ltr'><strong>hos-</strong></span> 
     </span>
     <span class='ocr_line' id='line_1_24' title="bbox 537 3656 1474 3753; baseline -0.005 -24"><span class='ocrx_word' id='word_1_168' title='bbox 537 3688 559 3730; x_wconf 85' lang='lat'>»</span> <span class='ocrx_word' id='word_1_169' title='bbox 581 3680 611 3729; x_wconf 88' lang='lat' dir='ltr'><strong>te</strong></span> <span class='ocrx_word' id='word_1_170' title='bbox 631 3679 766 3729; x_wconf 88' lang='lat' dir='ltr'><strong>tenetur.</strong></span> <span class='ocrx_word' id='word_1_171' title='bbox 814 3660 931 3753; x_wconf 84' lang='lat' dir='ltr'><strong>Ampla</strong></span> <span class='ocrx_word' id='word_1_172' title='bbox 951 3660 1136 3751; x_wconf 60' lang='lat' dir='ltr'><strong>recuperati</strong></span> <span class='ocrx_word' id='word_1_173' title='bbox 1158 3658 1210 3724; x_wconf 77' lang='lat' dir='ltr'><strong>ills</strong></span> <span class='ocrx_word' id='word_1_174' title='bbox 1229 3656 1392 3726; x_wconf 84' lang='lat' dir='ltr'><strong>foederatis</strong></span> <span class='ocrx_word' id='word_1_175' title='bbox 1413 3661 1474 3748; x_wconf 74' lang='lat' dir='ltr'><strong>tri7</strong></span> 
     </span>
     <span class='ocr_line' id='line_1_25' title="bbox 537 3778 1475 3865; baseline -0.002 -17"><span class='ocrx_word' id='word_1_176' title='bbox 537 3809 558 3849; x_wconf 75' lang='lat' dir='ltr'><strong>&gt;r</strong></span> <span class='ocrx_word' id='word_1_177' title='bbox 579 3785 656 3848; x_wconf 82' lang='lat' dir='ltr'><strong>buta</strong></span> <span class='ocrx_word' id='word_1_178' title='bbox 684 3798 799 3865; x_wconf 83' lang='lat' dir='ltr'><strong>erunt,</strong></span> <span class='ocrx_word' id='word_1_179' title='bbox 830 3782 918 3848; x_wconf 88' lang='lat' dir='ltr'><strong>vacui</strong></span> <span class='ocrx_word' id='word_1_180' title='bbox 948 3779 1030 3847; x_wconf 90' lang='lat' dir='ltr'><strong>bello</strong></span> <span class='ocrx_word' id='word_1_181' title='bbox 1059 3779 1149 3846; x_wconf 90' lang='lat' dir='ltr'><strong>Frisii</strong></span> <span class='ocrx_word' id='word_1_182' title='bbox 1171 3795 1203 3844; x_wconf 87' lang='lat' dir='ltr'><strong>et</strong></span> <span class='ocrx_word' id='word_1_183' title='bbox 1231 3778 1373 3848; x_wconf 84' lang='lat' dir='ltr'><strong>Accolae.</strong></span> <span class='ocrx_word' id='word_1_184' title='bbox 1424 3780 1475 3850; x_wconf 81' lang='lat' dir='ltr'><strong>Ex</strong></span> 
     </span>
     <span class='ocr_line' id='line_1_26' title="bbox 536 3899 1473 3992; baseline -0.002 -26"><span class='ocrx_word' id='word_1_185' title='bbox 536 3927 558 3968; x_wconf 76' lang='lat' dir='ltr'><strong>r&gt;</strong></span> <span class='ocrx_word' id='word_1_186' title='bbox 579 3902 643 3966; x_wconf 77' lang='lat' dir='ltr'><strong>istis</strong></span> <span class='ocrx_word' id='word_1_187' title='bbox 668 3900 856 3992; x_wconf 87' lang='lat' dir='ltr'><strong>provinciis,</strong></span> <span class='ocrx_word' id='word_1_188' title='bbox 880 3901 996 3990; x_wconf 73' lang='lat' dir='ltr'><strong>quibus</strong></span> <span class='ocrx_word' id='word_1_189' title='bbox 1018 3900 1135 3986; x_wconf 83' lang='lat' dir='ltr'><strong>egregia</strong></span> <span class='ocrx_word' id='word_1_190' title='bbox 1159 3899 1251 3964; x_wconf 85' lang='lat' dir='ltr'><strong>maris</strong></span> <span class='ocrx_word' id='word_1_191' title='bbox 1278 3900 1473 3991; x_wconf 82' lang='lat' dir='ltr'><strong>opportuni-</strong></span> 
     </span>
     <span class='ocr_line' id='line_1_27' title="bbox 510 4014 1475 4109; baseline -0.002 -27"><span class='ocrx_word' id='word_1_192' title='bbox 510 4026 558 4083; x_wconf 83' lang='lat'><strong>‘»</strong></span> <span class='ocrx_word' id='word_1_193' title='bbox 581 4033 646 4101; x_wconf 84' lang='lat' dir='ltr'><strong>tas,</strong></span> <span class='ocrx_word' id='word_1_194' title='bbox 691 4032 722 4082; x_wconf 88' lang='lat' dir='ltr'><strong>et</strong></span> <span class='ocrx_word' id='word_1_195' title='bbox 752 4016 871 4083; x_wconf 86' lang='lat' dir='ltr'><strong>vicinae</strong></span> <span class='ocrx_word' id='word_1_196' title='bbox 907 4014 1036 4108; x_wconf 76' lang='lat' dir='ltr'><strong>paludes</strong></span> <span class='ocrx_word' id='word_1_197' title='bbox 1073 4016 1195 4100; x_wconf 84' lang='lat' dir='ltr'><strong>favent,</strong></span> <span class='ocrx_word' id='word_1_198' title='bbox 1239 4016 1296 4081; x_wconf 89' lang='lat' dir='ltr'><strong>ubi</strong></span> <span class='ocrx_word' id='word_1_199' title='bbox 1327 4014 1475 4109; x_wconf 83' lang='lat' dir='ltr'><strong>expulsus</strong></span> 
     </span>
     <span class='ocr_line' id='line_1_28' title="bbox 533 4133 1474 4228; baseline -0.004 -22"><span class='ocrx_word' id='word_1_200' title='bbox 533 4163 557 4206; x_wconf 73' lang='lat' dir='ltr'><strong>&gt;a</strong></span> <span class='ocrx_word' id='word_1_201' title='bbox 576 4136 674 4204; x_wconf 84' lang='lat' dir='ltr'><strong>bostis</strong></span> <span class='ocrx_word' id='word_1_202' title='bbox 702 4135 781 4220; x_wconf 88' lang='lat' dir='ltr'><strong>erit,</strong></span> <span class='ocrx_word' id='word_1_203' title='bbox 803 4133 849 4204; x_wconf 85' lang='lat' dir='ltr'><strong>nil</strong></span> <span class='ocrx_word' id='word_1_204' title='bbox 870 4135 1001 4228; x_wconf 77' lang='lat' dir='ltr'><strong>amplius</strong></span> <span class='ocrx_word' id='word_1_205' title='bbox 1027 4135 1179 4228; x_wconf 88' lang='lat' dir='ltr'><strong>periculi,</strong></span> <span class='ocrx_word' id='word_1_206' title='bbox 1201 4159 1242 4202; x_wconf 85' lang='lat' dir='ltr'><strong>ne</strong></span> <span class='ocrx_word' id='word_1_207' title='bbox 1263 4159 1370 4202; x_wconf 80' lang='lat' dir='ltr'><strong>earum</strong></span> <span class='ocrx_word' id='word_1_208' title='bbox 1395 4160 1474 4227; x_wconf 91' lang='lat' dir='ltr'><strong>pos-</strong></span> 
     </span>
    </p>
   </div>
   <div class='ocr_carea' id='block_1_6' title="bbox 0 0 1708 5664">
    <p class='ocr_par' dir='ltr' id='par_1_6' title="bbox 0 0 1708 5664">
     <span class='ocr_line' id='line_1_29' title="bbox 0 0 1708 5664; baseline 0 5"><span class='ocrx_word' id='word_1_209' title='bbox 0 0 1708 5664; x_wconf 95' lang='lat' dir='ltr'><strong> </strong></span> 
     </span>
    </p>
   </div>
  </div>
 </body>
</html>
