3456 5676
285 1381 698 1484 Gnttlntmt
743 1387 1108 1490 tanttovmt

403 1656 779 1733 {amarescerent
804 1677 974 1729 norman.

261 2199 326 2304 Eo
342 2235 409 2322 jam
435 2237 524 2304 nobis
542 2236 713 2306 escendisse
734 2263 770 2306 ae
792 2239 968 2330 pervenisse
994 2234 1155 2320 videmur,

211 2363 251 2412 nt
271 2352 438 2446 praecipua
460 2357 583 2442 ontraia,
608 2381 688 2450 quae
713 2351 900 2425 Guilielmus
913 2353 1091 2424 Ludovlcns
1115 2353 1155 2422 ad

210 2469 330 2557 'poetriae
351 2467 525 2544 felicitatem
545 2473 710 2544 meditatus
733 2491 927 2567 conatusque
945 2485 1007 2560 e'st,
1030 2491 1062 2542 et
1082 2499 1154 2544 vern

207 2582 287 2653 'feeit
318 2613 444 2686 reapse,
492 2611 643 2690 tanquam
676 2619 693 2664 e
726 2595 852 2692 specula
892 2593 1152 2690 contemplemur.

208 2705 273 2773 Cui
301 2733 373 2778 sane
401 2713 427 2778 si
454 2713 562 2783 melior
585 2715 691 2784 suisset
716 2716 862 2802 lbrtnna,
895 2717 920 2783 si
954 2735 1019 2784 nnn
1043 2714 1150 2784 homi·

209 2847 289 2892 num
329 2833 560 2924 perversitates,
605 2829 806 2906 inimieorum
847 2835 932 2920 ime,
979 2836 1151 2904 arriserunt

206 2951 332 3022 fraudes
355 2972 386 3023 et
407 2953 469 3024 doli
494 2959 703 3040 obstitissent,
726 2957 896 3050 quominus
920 2953 1044 3026 salutari
1068 2981 1148 3026 oon-

204 3069 271 3142 silie
301 3077 422 3144 tristem
455 3075 615 3168 adjuvaret
644 3077 761 3172 patriae
795 3075 1027 3162 conditionem,
1064 3061 1149 3143 haud

204 3191 338 3286 quidem
360 3195 410 3262 ille
434 3199 523 3264 nobis
548 3197 751 3290 praestantior
776 3195 954 3282 videretur,
999 3195 1053 3264 sed
1077 3195 1146 3265 ior-

203 3311 343 3378 tnnntior
374 3299 528 3381 foederata
557 3313 744 3406 Respublica
775 3314 891 3382 suisset.
975 3311 1030 3382 lile
1062 3315 1148 3384 eninr

203 3444 341 3520 quantus
367 3431 413 3497 vir
437 3430 547 3517 fucrit,
573 3455 611 3500 ex
631 3431 690 3500 hac
709 3449 814 3502 nostra
833 3459 906 3501 cum
924 3456 1032 3501 aerum
1050 3435 1090 3502 ab
1109 3457 1147 3502 eo

200 3563 356 3633 gestarnm
385 3552 581 3636 narratione,
630 3567 697 3619 tum
738 3549 848 3620 indolis
883 3555 1145 3645 perscrutatione,

198 3667 271 3733 eutis
293 3666 417 3736 videtur
448 3685 605 3758 constare,
634 3663 732 3764 idque
767 3674 909 3740 universe
940 3671 981 3740 de
1012 3696 1049 3742 eo
1078 3689 1142 3742 sta-

200 3785 373 3871 tuendum,
401 3789 479 3857 nihil
508 3816 581 3859 eum
604 3817 687 3877 non,
711 3791 799 3886 qnod
827 3817 865 3860 er
897 3791 1056 3886 republica
1084 3791 1140 3860 sn-·

201 3913 309 3975 turum
329 3911 551 3998 arbitraretur,
581 3905 701 3980 edicere
724 3909 892 3997 studuisse,
925 3901 1024 3996 nibil,
1053 3909 1141 4005 quod

197 4026 384 4098 obfuturum
416 4033 618 4118 existimaret,
642 4057 706 4102 non
731 4032 911 4100 dissensisse.
977 4031 1041 4102 Sed
1072 4032 1140 4126 ipro

198 4143 276 4214 laaee
299 4147 407 4216 melius
431 4150 623 4244 interiusque
647 4155 889 4246 perspiciamus,
922 4153 1062 4244 quame
1084 4175 1135 4218 sa-¹

194 4265 235 4328 tis
255 4263 416 4354 idoneam,
440 4293 473 4338 ea
495 4295 575 4364 qnae
596 4271 776 4358 retulimus,
799 4273 957 4340 materiem
978 4274 1134 4364 praebue⁴

992 4392 1027 4458 1³
