3408 5664
650 923 706 994 lii

203 1121 226 1166 tt
249 1114 312 1166 tem
343 1096 501 1190 publicam
531 1095 577 1168 vol
603 1097 770 1186 neglexisse
803 1095 850 1168 vel
882 1095 1058 1186 inardesce,
1092 1097 1146 1166 scd

203 1241 226 1284 >s
248 1241 448 1286 communem
466 1221 608 1288 omnium
630 1221 776 1288 vitiorum
800 1236 1039 1314 cunctorumque
1056 1243 1145 1288 meo·

201 1362 224 1404 to
246 1363 318 1406 rum
353 1337 473 1406 sontem
505 1338 673 1406 humanans
693 1339 910 1426 fragilitatem,
947 1338 1145 1408 imbecillita-
1227 1421 1233 1438 ι

202 1481 224 1524 >s
248 1473 333 1541 tem,
366 1455 662 1525 inconsiderantiam
696 1481 758 1524 csse
790 1455 979 1526 habendum.
1043 1453 1143 1550 Quod

200 1599 222 1642 >s
245 1601 285 1642 ne
304 1577 426 1644 effutire
446 1579 531 1646 vobis
553 1575 678 1660 videor,
702 1577 860 1666 llelcgetos
883 1593 1004 1665 rogatos
1028 1575 1140 1650 velim,

198 1721 220 1762 >r
244 1719 304 1790 pro
333 1720 469 1774 summo,
509 1721 574 1790 qim
602 1697 720 1790 patriae
749 1696 879 1764 salutem
911 1713 943 1764 et
966 1695 1143 1762 libertatem

198 1841 220 1882 s>
242 1840 345 1884 smore
380 1815 656 1908 complectuntur,
702 1831 738 1882 ut
770 1815 835 1882 sinc
877 1813 1145 1894 dissimulatione,

200 1961 221 2002 >s
243 1937 475 2020 obsecratione,
510 1952 564 2002 eut
595 1935 793 2002 exornatione
815 1933 876 2002 ullu
900 1935 1034 2022 ingenue
1056 1931 1144 2000 dilu-

197 2081 220 2123 n
243 2053 375 2147 cidequc
394 2053 595 2142 significent,
626 2055 743 2146 quibus
764 2053 797 2120 in
816 2054 910 2119 rebus
930 2049 1146 2146 displicuerint

198 2201 219 2244 >s
242 2177 316 2268 ipsis
335 2191 368 2241 et
388 2197 518 2268 peceare
535 2173 594 2240 sim
617 2173 707 2240 risus.
740 2173 805 2240 Vos
825 2195 977 2264 quoque,
1001 2169 1143 2239 Nobilis-

198 2320 220 2362 »
242 2295 311 2360 simi
334 2293 422 2376 Viri,
446 2293 592 2360 obsecret·
617 2307 649 2358 et
680 2315 884 2376 commoneo,
904 2313 957 2357 nex
992 2289 1146 2378 Delegatis

199 2440 221 2482 >s
242 2411 360 2500 singule
382 2411 612 2500 diligentissime
633 2411 906 2504 percunctemini,
929 2425 965 2476 ut
987 2410 1092 2476 omnis
1110 2409 1145 2478 in

197 2560 219 2602 >s
242 2534 304 2603 boc
337 2551 495 2602 conventu
527 2533 662 2621 legitime
697 2533 731 2599 in
760 2531 865 2600 lucem
895 2529 1145 2626 protrahentur,

199 2679 220 2722 s>
242 2671 407 2721 ereeentur
426 2653 665 2720 obtrectationes
687 2649 944 2744 calumniaeque,
967 2674 1003 2720 uc
1028 2649 1144 2718 desen-

198 2799 220 2840 »
242 2773 287 2838 sio
314 2797 381 2840 mea
413 2773 595 2864 accipiatur.
639 2773 733 2838 Fores
764 2771 877 2856 exibo,
902 2793 967 2862 quo
990 2771 1077 2840 vobis
1100 2768 1144 2838 li-

199 2917 220 2958 u
242 2893 346 2960 berior
377 2891 416 2958 sit
448 2888 646 2959 confidenter
679 2889 853 2958 disserendi
889 2889 1028 2958 ssctdtss.
1074 2891 1143 2958 Ne-

199 3039 221 3080 »
244 3037 307 3106 que
336 3035 409 3080 rere
438 3011 517 3078 seire
544 3013 660 3104 cupio,
697 3011 827 3102 quinem
850 3011 900 3076 isti
922 3008 1076 3132 suerint,-
1088 3009 1146 3101 qui

196 3157 219 3199 >s
241 3155 291 3200 me
314 3129 549 3210 insimularentr
581 3131 615 3196 id
644 3131 819 3218 cognovisse
847 3129 1000 3212 sufficiet,
1024 3127 1142 3222 quibus

199 3277 222 3318 >s
246 3251 356 3318 cotusis
377 3246 636 3342 respondendum
661 3248 738 3316 mihi
762 3249 811 3316 sit.
826 3249 847 3279 ’⁹

244 3371 328 3437 Haec
357 3367 499 3435 locutum
532 3367 655 3460 excepit
686 3365 786 3433 cltum
808 3365 843 3433 in
865 3381 1022 3435 contentu
1043 3364 1141 3434 silen-

200 3492 279 3560 tium
311 3489 364 3558 (¹).
421 3489 488 3556 Nec
519 3511 593 3556 vero
625 3489 751 3555 mirum.
806 3487 888 3556 Nem
922 3510 987 3555 non
1020 3503 1144 3580 poteret

197 3636 264 3681 non
289 3609 366 3678 haec
394 3609 492 3676 oratio
515 3609 549 3674 in
574 3608 684 3674 animis
717 3605 912 3676 audientium
941 3606 1062 3676 eculeos
1086 3631 1140 3675 re-

198 3729 366 3822 linquerer
403 3744 434 3794 et
455 3749 528 3794 sane
553 3726 629 3796 hsec
659 3728 753 3796 verbu
786 3751 802 3794 s
833 3728 901 3796 viro
931 3727 1140 3822 Principe,s

198 3850 351 3943 Principe
368 3848 530 3916 Nesssvico
548 3845 683 3942 prolatu,
705 3844 775 3940 quis
792 3863 839 3914 est
858 3863 920 3916 mm
933 3845 1046 3932 hebes,
1060 3849 1140 3940 quin
1191 3900 1198 3913 .

198 3984 307 4038 mente
327 3967 483 4051 recolens,
506 3982 537 4032 ct
559 3964 718 4062 voluptate
740 3966 871 4036 maxime
903 3965 1074 4054 efficietur,
1106 3979 1139 4038 ct

221 4130 512 4150 -η-ι--ι--ιΰ

235 4221 278 4292 (ι)
301 4219 396 4291 ttstjt,
418 4219 436 4272 l.
457 4219 509 4276 xt.
528 4237 556 4290 p.
577 4221 647 4288 sss,
670 4235 727 4294 ²²9·
