3456 5676
1021 961 1088 1026 196Ι

584 1156 672 1218 mus,
696 1151 815 1224 quanto
827 1130 930 1197 studio
938 1125 1083 1197 ¹Hes'selus
1094 1132 1209 1224 Apsma
1227 1157 1299 1198 cum
1312 1135 1398 1198 sociis
1412 1130 1526 1217 (15817)

585 1251 616 1317 id
639 1249 725 1344 apud
747 1251 957 1318 Elisabetham
978 1252 1101 1318 efficere
1120 1250 1317 1334 studuerint,
1349 1269 1385 1316 ut
1416 1254 1528 1318 Frisiae

584 1375 720 1460 regimen
747 1374 937 1464 susciperet,
962 1396 1058 1463 quam
1082 1374 1191 1455 enixe,
1217 1389 1253 1438 ut
1277 1397 1371 1438 vacua
1385 1371 1530 1457 Harlinga

581 1491 680 1557 alieno
698 1489 853 1582 praesidio
873 1507 970 1573 esset,
993 1492 1135 1557 obtestati
1155 1492 1236 1573 sint,
1260 1507 1411 1582 quantam
1431 1489 1526 1556 dein-

585 1633 658 1702 ceps
677 1606 839 1674 Roordana
857 1609 949 1675 factio
967 1607 1158 1693 diligentiam
1174 1607 1373 1691 adhibuerit,
1396 1627 1431 1675 ut
1444 1611 1525 1676 Has-

583 1727 712 1792 seletum
734 1726 976 1794 custodiendum
1000 1729 1103 1794 Frisiis
1127 1727 1318 1812 traderetur,
1355 1727 1441 1824 quod
1463 1755 1527 1821 op-

585 1844 698 1938 pidum
719 1845 803 1910 istud
828 1872 902 1912 cum
923 1845 1091 1914 Stenovico
1112 1851 1232 1934 egregie
1256 1847 1295 1914 ad
1319 1875 1528 1942 propugnan-

586 1964 642 2031 dos
652 1968 830 2058 provinciae
843 1965 922 2031 fines
934 1984 964 2031 et
977 1966 1166 2057 assequenda
1178 1968 1301 2034 consilia
1311 1985 1529 2060 opportunum

586 2085 839 2166 existimabatur,
863 2083 947 2150 haud
961 2087 1106 2176 ineptum
1116 2104 1162 2151 est
1175 2085 1319 2169 credere,
1342 2085 1371 2151 id
1383 2091 1532 2175 jamtum

588 2204 700 2268 Frisiae
731 2205 875 2269 Proceres
907 2202 1027 2270 molitos
1058 2201 1174 2286 luisse,
1219 2220 1256 2269 ut
1285 2206 1484 2296 secessionem
1514 2231 1531 2269 a

588 2321 750 2389 foederatis
772 2322 932 2404 lacerent,
973 2324 1195 2413 acquisitisque
1222 2347 1295 2409 agro
1326 2325 1532 2408 Grouingano

589 2458 620 2509 et
634 2441 866 2524 Transisalam,
888 2440 977 2507 latius
989 2440 1236 2508 dominarentur.
1252 2443 1292 2509 (Ι)
1340 2443 1421 2508 Utut
1432 2459 1494 2526 est,
1516 2467 1533 2508 a

591 2561 761 2631 Guilielmo
782 2577 928 2646 cautum,
951 2563 1006 2627 ista
1029 2585 1069 2626 ne
1090 2585 1138 2626 res
1162 2559 1357 2652 procederet.
1372 2562 1413 2627 l2l
1469 2559 1533 2627 Sed

590 2678 853 2768 deindellb93),
877 2707 978 2773 quum
1001 2682 1192 2767 gravissimae
1213 2679 1301 2763 illue,
1334 2706 1413 2771 quas
1437 2680 1532 2746 senius

590 2800 804 2890 exposuimus,
828 2802 1052 2868 controversiae
1074 2798 1256 2868 Roordanae
1278 2801 1437 2868 Guilielmi
1461 2803 1531 2868 aui-

591 2942 682 2985 mum
697 2922 939 3010 perturbarent,
962 2925 1148 3010 metumque
1165 2919 1321 3003 facerent,
1344 2945 1384 2985 ne
1402 2919 1441 2986 ad
1452 2923 1533 2987 Pro-

593 3061 702 3104 cerum
724 3039 904 3132 exemplum
932 3037 1022 3132 plebs
1045 3041 1079 3104 in
1111 3037 1273 3106 seditiones
1305 3040 1533 3121 concitaretur,

591 3154 727 3242 accidit,
749 3175 785 3224 ut
807 3156 903 3223 iidem
933 3157 1120 3252 perficiendi
1145 3159 1444 3250 proposititempus
1473 3181 1535 3224 esse

593 3277 669 3359 rati,
693 3301 773 3366 quae
793 3274 1009 3364 jamdudum
1032 3293 1138 3343 mente
1161 3277 1370 3364 agitavissent,
1396 3273 1533 3348 Ordini-

596 3398 656 3462 bus
673 3413 883 3489 exponerent:
908 3393 1141 3489 praedicantes,
1166 3397 1311 3462 interesse
1332 3417 1437 3460 rerum
1460 3419 1533 3460 sua-

595 3540 668 3582 rum
689 3542 724 3584 ac
750 3517 948 3600 Provinciae,
984 3532 1020 3581 ut
1052 3517 1117 3602 agri
1148 3539 1275 3597 omnes,
1311 3513 1368 3604 qui
1392 3514 1485 3581 Flevo
1505 3529 1537 3578 et

595 3635 713 3704 Amaso
725 3635 959 3726 Dienthiaeqne
979 3633 1147 3727 paludibus
1168 3652 1200 3701 et
1221 3632 1462 3727 propugnaculis
1483 3635 1536 3698 in-

596 3757 805 3841 terjacebant,
827 3755 990 3849 peculiaris
1009 3753 1172 3842 eujusdam
1190 3753 1388 3844 Reipublicae
1406 3751 1537 3818 sormam

594 3875 811 3963 rationemque
831 3872 1087 3966 adipiscerentur.
1132 3875 1205 3940 Non
1229 3896 1318 3956 sane,
1341 3895 1408 3961 quo
1430 3869 1533 3940 disce·

597 4025 865 4049 w

638 4087 675 4156 (t)
695 4088 806 4142 Mortuo
830 4088 900 4139 enim
923 4087 1071 4150 Nienario,
1099 4085 1301 4139 Transisalanae
1329 4084 1535 4146 Gubernatore,

599 4177 766 4246 provinciam
777 4194 833 4228 eam
845 4175 896 4226 sibi
907 4178 1048 4245 acquirere
1060 4177 1231 4229 studuerunt.
1250 4174 1341 4244 lteyd,
1361 4175 1379 4226 l.
1393 4175 1431 4231 X.
1443 4195 1470 4244 p.
1481 4193 1537 4247 ¹99·

636 4265 678 4338 (n)
698 4266 794 4336 lleyd,
814 4267 833 4319 l.
846 4265 898 4321 lv.
915 4283 941 4332 p·
954 4281 998 4334 70.

906 4499 925 4528 0
