3408 5664
691 861 747 928 185

244 1031 327 1102 baud
350 1049 522 1120 tsuusuet,
545 1057 581 1102 ae
602 1033 743 1122 subigus
761 1033 900 1102 Martiale
924 1033 1002 1102 illud
1019 1036 1181 1124 ingenium

241 1150 279 1220 ad
301 1169 478 1221 exnumum
509 1176 608 1246 usque
638 1153 786 1245 spiritum
817 1152 956 1222 audeaut.
1010 1157 1181 1224 Verumta-

242 1297 316 1340 men
342 1272 452 1342 eedesa
474 1271 607 1342 subinde
630 1275 697 1360 ejus
713 1275 901 1366 pertinaciae
923 1273 1075 1360 debebat,
1094 1272 1182 1368 quod

242 1390 361 1460 sautum
391 1393 544 1484 imprimis
572 1390 711 1460 dolemus
736 1393 770 1458 iu
800 1417 911 1480 meaa,
954 1419 1017 1486 qua
1053 1395 1120 1488 ipse
1149 1417 1181 1460 se

242 1533 388 1602 superare
411 1513 576 1580 Mamitius
599 1513 760 1604 potuisset.

284 1631 413 1698 Neuesse
449 1655 515 1698 non
549 1647 617 1716 est,
653 1647 690 1698 ut
725 1628 1025 1698 Oldeubarneveldii
1058 1631 1182 1700 eximias

240 1775 311 1838 erga
330 1750 568 1845 Rempublieam
585 1749 692 1818 laudes
713 1750 767 1819 hic
789 1749 967 1821 eelebrems
991 1767 1023 1819 at
1045 1751 1180 1820 commi·

240 1870 333 1938 serat
357 1871 423 1957 ejus
445 1869 624 1956 fortunam,
649 1871 707 1960 qui
732 1887 901 1963 postquam
924 1871 1051 1938 summis
1074 1873 1107 1936 in
1131 1873 1180 1939 ci-

239 1989 332 2056 vitate
354 1988 527 2056 honoribus
552 2005 615 2056 tam
650 1987 806 2082 placuisse
839 2005 905 2056 erat
935 1989 1088 2074 iunctus,
1124 2015 1180 2058 ca-

238 2109 312 2200 pitis
343 2105 508 2174 damnatus
530 2105 613 2192 suit,
636 2131 710 2174 cum
733 2107 823 2173 bonit
844 2109 1016 2190 omnibus,
1039 2123 1070 2172 et
1086 2105 1179 2190 licet,

237 2243 269 2293 at
297 2251 371 2296 vero
400 2224 500 2294 decet.
546 2227 658 2317 Neque
690 2226 805 2312 etiam,
840 2227 982 2317 quamvis
1005 2227 1182 2294 obductam

240 2346 348 2416 ceteris
369 2345 509 2413 Mauritii
539 2345 627 2413 sactis
657 2345 839 2436 meritisque
875 2344 1028 2429 nolimus,
1052 2343 1177 2412 condo-

239 2489 313 2534 nate
348 2467 376 2532 ei
401 2467 459 2533 viri
492 2464 684 2558 supplicium
727 2485 911 2557 possumus,
958 2464 1028 2548 eui,
1068 2463 1093 2528 si
1129 2461 1178 2530 vel

239 2587 369 2654 maxime
391 2587 458 2673 ejus
484 2584 609 2653 consiliu
639 2601 781 2677 suspecta
801 2583 979 2666 habuisset,
1011 2583 1179 2650 senectutis

236 2705 330 2792 gratia
363 2727 491 2796 passere
525 2701 691 2771 debuisset.
757 2703 869 2794 quue
903 2704 1006 2768 minus
1034 2699 1178 2796 proiecto

236 2823 437 2893 ‹lesendeuda
468 2824 623 2916 Principis
652 2821 763 2912 agendi
794 2825 871 2890 ratio
906 2821 1053 2908 videtur,
1086 2819 1176 2913 quod

237 2961 378 3029 constat,
411 2969 477 3012 non
498 2942 651 3026 defuisse,
683 2943 740 3034 qui
765 2941 969 3011 moderatiora
993 2943 1022 3008 ei
1049 2942 1173 3010 euusiiis

236 3062 484 3160 suppeditarent.
537 3062 721 3132 Guiiielmus
748 3079 830 3130 ceste
861 3061 942 3128 serae
973 3061 1078 3128 auimo
1111 3083 1177 3128 non

236 3201 378 3276 poterat,
396 3200 432 3250 ut
450 3180 641 3270 grandaevus
660 3180 779 3266 homo,
803 3179 1037 3272 septuagenario
1058 3179 1177 3266 major,

237 3304 355 3370 etiauui
376 3305 415 3370 ab
441 3299 567 3370 adversa
588 3316 676 3393 parte
700 3324 773 3368 cum
795 3299 936 3366 fortunae
954 3297 1043 3366 sociis
1058 3313 1175 3383 staret,

238 3440 302 3490 tam
314 3420 482 3508 indignum
503 3419 582 3487 vitae
601 3419 719 3484 exitum
728 3416 868 3483 haberet.
890 3416 1002 3506 Neque
1013 3412 1091 3482 haec
1100 3429 1174 3480 tan-

239 3560 308 3609 tum
329 3544 370 3608 ita
390 3517 494 3608 seeum
520 3537 588 3606 ille:
626 3538 786 3604 imovero
814 3532 903 3601 dedit
932 3531 972 3600 ad
1001 3533 1192 3628 patsuelem⁰

236 3658 352 3730 litteras
366 3659 427 3743 (¹),
450 3677 482 3727 et
504 3657 685 3726 adhortatus
702 3680 776 3724 eum
794 3671 857 3740 est,
880 3669 1012 3740 cavetet,
1032 3676 1073 3718 ne
1095 3650 1174 3746 quid

236 3782 398 3852 violentius
440 3781 474 3847 in
513 3772 858 3846 Oldenbameveldium
891 3775 1024 3865 ejusque
1061 3772 1174 3840 audeus

272 4054 313 4124 (ι)
334 4053 388 4106 Has
414 4052 541 4108 dabamus
569 4053 694 4123 tttuitto.
725 4055 780 4126 Op.
798 4053 845 4109 cit.
865 4051 896 4108 Ρ.
915 4050 971 4107 111.
991 4049 1098 4121 Bijlage.
1119 4048 1172 4102 cu.

239 4142 437 4196 Additamauta.
