3408 5664
658 886 698 954 79

188 1073 308 1150 posset
328 1060 475 1150 temporis
496 1061 597 1153 spatio
617 1007 790 1157 expugnari
801 1107 813 1144 ‚
838 1081 898 1153 per
919 1057 1007 1151 quod
1026 1061 1142 1136 Steno-

204 1177 274 1244 vico
297 1194 470 1250 recusent:
495 1176 845 1270 intemperantem,
868 1178 1012 1265 Frisium,
1035 1181 1143 1246 Dnen·

204 1295 323 1380 thiam,
358 1312 390 1362 et
420 1295 595 1364 accolarum
623 1299 782 1384 regionem
806 1313 886 1364 tutas
908 1325 927 1364 a
948 1297 1029 1366 hello
1052 1298 1142 1382 fore,

202 1415 400 1502 Groningam
417 1414 494 1484 adeo
511 1414 551 1484 ad
566 1418 722 1503 ¹augustine
751 1415 914 1488 redactum
927 1417 974 1486 iri.
1030 1418 1140 1484 Mine-

199 1535 318 1603 bautur
336 1561 465 1628 quoque
478 1538 586 1620 Frisii,
608 1538 633 1602 si
649 1535 707 1604 alio
723 1537 882 1604 transferri
900 1537 1018 1606 bellum
1032 1536 1139 1630 place·

199 1671 267 1739 ret,
289 1679 356 1724 auae
371 1657 475 1747 copias
492 1679 558 1723 non
576 1656 688 1740 ituras,
706 1679 809 1748 neque
821 1655 1142 1749 quampromisissent

196 1778 309 1846 30000
317 1775 509 1846 florenorum
523 1799 695 1860 summam,
714 1774 930 1864 ducentosque
947 1800 1056 1854 curms
1067 1774 1137 1842 ioe-
1252 1765 1254 1772 ¹

195 1893 311 1962 demtis
324 1920 359 1965 se
381 1894 557 1966 tradituros.
601 1897 712 1988 Itaque
734 1894 946 1980 Covordium,
969 1897 1020 1963 cui
1041 1920 1136 1986 prae-

192 2031 262 2084 crat
291 2014 473 2086 Fredericus
504 2016 687 2100 Bergensis,
723 2031 804 2083 mota
839 2031 945 2080 cestra.
1001 2013 1138 2104 Relictut

192 2135 240 2202 ibi
269 2134 452 2203 Guilielmua
468 2185 470 2192 -
486 2159 561 2203 cnm
593 2134 731 2204 Frisiacis
753 2148 785 2200 et
805 2133 994 2222 Trajeotinis
1016 2135 1134 2232 copiis:

190 2252 399 2322 Othmaraum
420 2253 587 2325 Mauritius
609 2277 683 2321 cum
703 2252 827 2344 reliquo
847 2254 970 2340 agmine
986 2268 1018 2318 et
1037 2254 1135 2344 equi-

190 2388 260 2440 tatu
283 2395 481 2464 progressus,
504 2387 658 2465 occupet,
671 2388 712 2438 ct
728 2370 925 2440 ⁴Oldensaliae
943 2395 1132 2464 expugnan-

188 2488 250 2558 dee
270 2494 538 2584 opportunitatem
559 2491 711 2585 explorat.
754 2493 803 2558 lbi
827 2477 931 2560 temeti
954 2492 1033 2560 nihil
1057 2510 1130 2560 ten-

191 2629 256 2678 tare
280 2635 392 2696 ausus,
414 2614 450 2678 iu
474 2628 571 2680 costra
591 2613 651 2688 sul)
675 2611 776 2679 finem
799 2611 952 2702 Quintilis
974 2610 1078 2697 redit,
1100 2629 1132 2698 qt

187 2730 363 2822 patruelem
380 2729 545 2818 diligenter
563 2730 717 2801 ducendis
742 2729 893 2800 cuniculis
922 2750 1130 2825 occupatum,

186 2849 409 2942 castellumque
430 2853 478 2920 ,ab
512 2851 605 2920 altera
637 2850 748 2945 oppidi
779 2869 886 2944 parte,
920 2878 986 2944 quo
1008 2853 1132 2922 hostem

188 2970 369 3056 Groningae
390 2968 480 3040 editu
502 2969 746 3054 intercluderet,
768 2973 972 3056 excitantem,
999 2974 1129 3053 invenit.

180 3089 375 3176 'conjunctis
393 3091 490 3183 copiis
509 3091 554 3158 vis
572 3088 749 3174 invalescit,
772 3115 870 3184 quam
890 3108 1018 3160 strenua
1032 3117 1128 3186 pree-

184 3205 383 3275 sidiariorum
406 3210 502 3278 virtus
515 3211 663 3300 requirit.
706 3211 824 3278 Neutra
848 3235 920 3303 pars
939 3211 1025 3278 alteri
1048 3236 1127 3305 per-

184 3327 302 3394 tinacii
321 3325 424 3396 cedite
447 3330 607 3421 occupetis
626 3344 712 3396 extra
733 3327 888 3420 oppidum
901 3331 1128 3412 munitionibus

180 3445 372 3533 confugiunt
395 3449 429 3514 in
451 3471 554 3516 arcem
577 3449 700 3516 obsessi.
743 3451 821 3537 Ejus
852 3449 965 3522 vallum
989 3467 1021 3517 et
1044 3456 1124 3544 pro'-

184 3565 360 3657 pugnacula
392 3583 620 3638 tormentorum
652 3542 752 3640 ried
781 3570 906 3636 aninam
927 3588 1125 3662 conquassata

183 3707 273 3776 spem
293 3684 412 3752 iaciunt
435 3688 600 3772 Memmio,
623 3705 827 3765 maturatione
852 3713 902 3756 eos
921 3689 1123 3761 deditionem.

184 3803 248 3870 Sed
272 3803 439 3874 adomnia
470 3809 565 3894 magis
586 3833 683 3901 qaam
705 3807 745 3880 ad
780 3807 974 3878 conditiones
1003 3835 1124 3904 pronus
1203 3877 1205 3882 .

183 3923 279 3992 hostis
308 3929 505 4019 exspectabat
535 3927 730 4015 Verdugonis
752 3929 870 4002 auxilia.
927 3932 1027 4018 Cujus
1049 3957 1123 4002 mox

182 4040 334 4112 adventus
352 4047 386 4112 iu
408 4049 512 4115 caenis
534 4049 741 4132 Narrationis,
762 4074 842 4141 quae
861 4052 1009 4140 bipartito
1027 4050 1122 4120 divisa

181 4178 287 4252 erent,
304 4167 522 4238 nunciabatur.
545 4169 867 4260 quueponunin
879 4169 1121 4256 Viduo-flumine
