3408 5664
956 1049 999 1113 90

503 1219 629 1308 Quibus
648 1217 692 1284 iili
712 1216 823 1285 auditis
844 1218 924 1285 nihil
944 1216 1030 1284 aliud
1042 1218 1205 1310 proferte,
1227 1220 1306 1288 nisis
1330 1219 1451 1286 »eleeto¹

471 1329 474 1336 ⁴
505 1363 526 1402 >›
547 1343 700 1404 miseram
713 1339 881 1404 Frisium!
904 1340 984 1404 eheu
995 1342 1150 1403 miseram
1161 1337 1365 1420 Frisiam!'’,
1378 1360 1446 1402 nou

503 1457 704 1542 dubitantes,
737 1460 817 1549 quin
840 1475 936 1524 castra
961 1458 1149 1548 praeteriens
1170 1454 1320 1542 Verdugo
1336 1479 1446 1524 omues

503 1602 588 1664 agros
609 1578 692 1644 ferro
713 1577 902 1667 flammaque
925 1593 1077 1645 vastatum
1095 1577 1165 1641 iret.
1195 1577 1445 1664 Quamobrem

504 1695 675 1762 consolatus
696 1713 742 1762 est
763 1720 823 1764 eos.
887 1721 910 1761 >>
930 1695 1052 1777 Remis,
1078 1696 1141 1777 ait,
1175 1699 1296 1762 animis
1328 1704 1445 1769 estote,·

504 1840 525 1879 >›
537 1815 693 1901 faciam,
728 1825 766 1880 ut
798 1839 849 1880 me
880 1817 983 1881 bostis
1015 1819 1189 1903 exquirat,
1222 1837 1281 1880 nee
1294 1837 1443 1904 progre-

505 1961 526 2000 >›
548 1936 665 2000 dictur
687 1939 757 2000 nisi
769 1934 953 2024 profligato
977 1936 1035 1999 boc
1061 1938 1208 2000 exercitu
1230 1934 1375 1998 nostro.’'
1402 1931 1448 2000 (¹)

549 2053 741 2142 Verdugiani
764 2071 868 2122 autem
887 2053 1005 2145 proelio
1024 2053 1198 2136 inhiantes,
1219 2050 1378 2143 praeclaro
1389 2077 1445 2118 or-

505 2156 589 2240 dine
613 2174 787 2259 accedunt,
814 2173 905 2241 etad
927 2174 1042 2240 vallum
1063 2189 1217 2240 castrense
1239 2170 1448 2240 contendunt.

505 2294 554 2358 Ibi
575 2317 641 2360 non
664 2317 779 2386 parum
801 2295 1040 2385 obstupescere,
1072 2317 1176 2384 quum
1201 2293 1323 2358 munita
1353 2309 1449 2359 castra

502 2412 771 2480 'animadvertunt
816 2412 880 2481 Sed
895 2411 1046 2498 Verdugo
1066 2413 1126 2478 suis
1147 2413 1268 2501 ubique
1288 2408 1393 2493 adest,
1418 2427 1450 2476 et

506 2533 690 2600 adhortatur
711 2532 751 2600 ad
771 2532 927 2625 praeclara
954 2535 1099 2623 quinoque
1117 2547 1244 2596 strenue
1262 2528 1448 2622 peragenda.

505 2654 558 2718 Ab
582 2651 675 2718 altera
701 2677 830 2741 quoquc
852 2669 942 2742 parte
962 2649 1167 2733 Guilielmus,
1190 2673 1231 2714 ne
1253 2649 1447 2740 frequentis-

504 2771 574 2835 simi
595 2770 690 2836 hostis
716 2768 868 2859 adspectu
889 2770 995 2836 territa
1022 2770 1100 2834 acies
1127 2769 1352 2860 perturbem,
1384 2767 1449 2834 huc

503 2885 578 2951 illuc
598 2883 717 2950 assidue
740 2885 865 2968 volitat,
892 2902 924 2950 et
944 2885 1110 2976 prudentis
1131 2887 1326 2978 imperatoris
1344 2884 1447 2952 officio

440 3045 443 3052 ·
503 3003 660 3097 praeclare
684 3003 838 3090 fungitur.
874 3006 1058 3072 Universam
1079 3006 1124 3070 rei
1144 3003 1375 3076 dimicationem
1393 3027 1445 3068 se-

504 3123 581 3192 dulo
602 3125 719 3191 evitans
741 3123 899 3207 hostibus,
920 3147 1127 3216 perrumpere
1156 3140 1308 3191 castrense
1333 3121 1449 3190 vallum

424 3328 427 3334 Ι
505 3246 710 3328 conantibus,
730 3245 865 3329 resistit3
887 3246 989 3310 emisit
1008 3243 1123 3310 deinde
1144 3246 1289 3336 equitum
1311 3261 1428 3314 turmas
1437 3293 1454 3352 ,Ι

506 3366 563 3453 qui
583 3362 689 3430 leviori
712 3389 762 3430 eos
785 3366 960 3432 certaminis
986 3389 1098 3451 genere
1120 3362 1346 3441 distraherent,
1372 3381 1445 3430 tan-

504 3479 641 3573 demque
663 3499 893 3549 tormentorum
914 3485 1135 3574 campestrium
1161 3483 1347 3550 fulminibus
1372 3500 1445 3550 tan-

504 3618 573 3667 tum
604 3600 787 3690 Verdugoni
820 3621 970 3670 ter-rorem
999 3605 1151 3687 incussit,
1185 3621 1222 3668 ut
1254 3601 1366 3670 eodem
1395 3601 1447 3668 dic

504 3721 584 3787 hori
621 3724 711 3788 tertia
745 3723 961 3811 pomeridianh
996 3741 1091 3791 castra
1120 3743 1244 3792 movere
1275 3740 1445 3810 cogeretur.

305 3807 310 3816 Ι
420 3847 423 3854 ’
504 3838 689 3907 Guilielmus
714 3857 834 3929 quanto
846 3867 920 3908 cum
930 3845 1008 3909 ritae
1020 3843 1379 3935 periculoinpugnandi
1390 3868 1444 3910 sr-

464 3968 470 3979 '
505 3958 582 4026 dore
592 3974 729 4026 versatus
738 3958 850 4043 fucrit,
870 3959 945 4026 inde
963 3979 1066 4054 patet,
1086 3963 1174 4054 quod
1188 3965 1234 4031 bis
1249 3988 1367 4054 equus,
1381 3989 1447 4053 quo

540 4246 582 4315 (ι)
602 4243 742 4311 Emmius,
766 4264 794 4312 p·
824 4247 867 4316 98.
891 4264 969 4318 seqq.
1027 4249 1122 4319 Reyd,
1148 4249 1167 4304 l.
1186 4249 1204 4300 l.
1229 4267 1258 4315 p.
1282 4249 1342 4301 aab
1367 4265 1446 4316 seqq.

503 4331 753 4404 Schaitcprastjes,
776 4353 804 4404 p·
822 4338 882 4392 ²82·
903 4339 967 4393 285·
