3454 5658
215 1028 354 1126 denique
377 1059 501 1104 morum
524 1059 555 1103 ac
577 1039 759 1106 amabilitate
782 1035 1021 1106 commendaret.
1060 1035 1151 1106 Nulla

216 1149 251 1214 in
272 1171 370 1242 puero
390 1149 580 1238 indolentia,
602 1154 687 1222 nulla
710 1153 867 1242 socordior
900 1173 1007 1225 contre
1027 1179 1152 1248 semper

217 1265 362 1354 vigilans,
397 1270 512 1356 alacer,
548 1273 594 1339 iri
620 1297 685 1342 non
715 1289 875 1360 aestuans,
897 1277 922 1342 si
943 1276 1148 1342 subirascere-

218 1401 288 1470 tur,
304 1386 479 1480 plembilis3
498 1389 679 1470 reformatae
698 1391 851 1482 religionis
866 1411 1030 1488 praecepta
1046 1409 1152 1462 sancte

217 1503 342 1590 coicum
365 1509 478 1600 pietate
496 1533 566 1597 erga
589 1513 691 1580 Deum
718 1515 912 1605 conspicuus.
958 1514 1013 1580 llis
1037 1513 1153 1600 ingenii

215 1623 374 1716 animique
396 1625 521 1696 dotibus
543 1628 719 1722 praeditus,
742 1633 797 1698 ubi
818 1648 940 1700 sextum
952 1647 984 1698 et
996 1630 1153 1698 decimum

173 1729 176 1738 ’
216 1744 319 1810 aetatis
342 1769 462 1812 annum
483 1763 604 1834 egerat,
638 1744 873 1836 Heidelbergam
897 1775 913 1816 a
935 1764 1024 1842 patre
1048 1748 1154 1814 missua

214 1877 277 1945 est,
300 1863 537 1948 comitantibus,
561 1867 678 1957 quibus
696 1867 857 1958 peculiaris
878 1870 945 1955 ejus
966 1891 1040 1934 cura
1059 1889 1151 1932 man-

217 1979 298 2048 data.
353 1981 406 2050 Sic
438 1982 536 2050 sactus
558 1985 621 2051 voti
647 2009 793 2078 compos,
817 2001 852 2051 ut
873 1985 1073 2052 insatiabilem
1094 2007 1152 2050 ex-

217 2097 317 2192 pleret
338 2099 479 2170 discendi
503 2100 665 2186 ardorem,
701 2105 903 2194 animmuque
924 2101 963 2170 ad
986 2101 1156 2170 liberaliora

215 2215 317 2284 studia
349 2219 535 2312 applicaret,
568 2219 754 2288 Academica
777 2222 970 2288 institutione
991 2218 1077 2287 haud
1097 2222 1152 2288 iu-

204 2337 351 2424 dignum
385 2363 417 2406 se
455 2339 630 2430 precatitit3
668 2355 699 2405 et
731 2337 803 2406 licet
832 2341 899 2426 jam
928 2340 997 2404 satis
1030 2339 1155 2425 iugenio

218 2457 346 2543 valeret,
379 2475 415 2524 ut
451 2482 508 2551 pcc
535 2483 566 2524 se
599 2458 661 2526 hoc
682 2483 798 2528 novum
820 2455 954 2524 stadium
971 2455 1152 2544 ingredere-

220 2593 293 2660 tm,
327 2591 430 2642 tamen
463 2578 624 2664 emejus
646 2601 832 2670 magnopere
854 2592 934 2662 eret,
966 2591 1001 2642 ut
1023 2575 1152 2644 Heidel-

219 2699 329 2782 bergae
366 2693 493 2760 heberet
526 2693 701 2762 studiorum
728 2697 823 2760 socios
846 2711 877 2760 et
895 2693 1051 2784 aequales,
1076 2695 1151 2784 qui-

218 2818 352 2884 buscum
376 2813 596 2896 aemularetur,
629 2813 813 2882 Mauritium
832 2811 1025 2904 patruelem,
1047 2813 1155 2880 fratres

219 2936 395 3016 loannem,
420 2933 609 3019 Georgium,
632 2931 837 3024 Philippum,
866 2947 897 2998 et
921 2948 1053 3024 quatuor
1071 2957 1151 3026 pro-

222 3053 379 3144 pinquos,
412 3052 547 3118 Comites
577 3053 752 3138 Bergenses.
806 3051 848 3118 Hi
875 3051 959 3117 enim
985 3073 1091 3119 omnes
1119 3053 1153 3120 iu

219 3167 351 3234 eandem
372 3165 607 3260 disciplinarium
630 3165 734 3234 sedem
755 3191 828 3238 cum
849 3192 885 3234 eo
906 3166 1040 3260 proiecti
1055 3187 1152 3239 erant.

223 3289 312 3355 Latet
337 3309 391 3354 uos
410 3309 620 3378 quorumnam
641 3287 779 3354 ¹virorum
797 3287 990 3352 institutione
1013 3286 1059 3352 ibi
1082 3309 1154 3354 traua

220 3407 278 3473 site
313 3421 431 3472 constat
468 3402 642 3472 eruditione
674 3427 724 3470 eos
755 3429 791 3470 ec
823 3404 937 3496 pietate
972 3407 1154 3498 conspicuos

223 3523 378 3592 Frederici
410 3523 455 3588 111
498 3521 685 3614 Septemviri
729 3519 933 3588 benivolentia
973 3547 1008 3590 ac
1051 3520 1152 3590 lavore

224 3643 340 3710 fructos
369 3641 470 3709 luisse.
523 3642 621 3729 Cujus
653 3640 808 3734 Principis
831 3639 995 3732 repentina
1018 3661 1100 3706 mors
1120 3659 1152 3708 ct

225 3763 342 3830 civibus
367 3785 514 3849 maguum
539 3759 660 3846 luctum
682 3758 802 3842 attulit,
825 3773 856 3824 et
878 3781 964 3824 causa
988 3755 1047 3824 suit
1064 3760 1148 3828 Gui-

225 3879 325 3949 lielmo
358 3881 528 3973 ceterisque
555 3878 752 3972 aequalibus,
784 3893 839 3964 ut,
868 3879 959 3944 rebus
980 3875 1042 3946 illic
1071 3903 1150 3946 cou-

226 4001 337 4076 versit,
381 4015 547 4091 postquam
590 4023 647 4088 per
674 4021 792 4064 annum
821 4013 853 4064 et
884 3995 1003 4088 aliquot
1033 4020 1152 4100 menses

226 4118 411 4206 'fheologiac
441 4139 567 4210 opemrn
595 4135 794 4202 navaverunt,
818 4115 951 4190 domum·
966 4139 1150 4190 revocaren-
