3454 5658
691 989 728 1056 21

241 1179 290 1232 tus
312 1182 432 1259 partem
452 1149 528 1252 suge
540 1187 571 1231 se
582 1161 800 1256 expedientem
821 1160 917 1230 vidit:
943 1184 1055 1252 quare,
1079 1183 1119 1226 nc
1138 1161 1176 1225 ab

239 1306 273 1351 ea
295 1283 542 1372 disjungeretur,
564 1298 785 1369 retrogressus,
808 1263 837 1347 ei
858 1304 889 1348 se
910 1277 1062 1368 adjunxit.
1095 1280 1178 1346 Haec

237 1401 338 1492 prirna
355 1402 415 1467 tuit
429 1397 611 1486 Verdugoni
626 1399 768 1480 victoria,
791 1395 842 1463 die
860 1396 969 1464 ultimo
986 1396 1178 1490 Septembris

236 1534 403 1611 reportata.
447 1517 568 1586 Deinde
586 1518 798 1600 Lochemum,
821 1517 1061 1584 munitissimum
1078 1515 1175 1609 oppi-

236 1634 316 1708 dum
337 1639 371 1703 in
401 1661 474 1726 agro
492 1636 740 1730 Zutphaniensi,
772 1637 910 1729 proximi
928 1636 1003 1702 anni
1029 1637 1111 1704 1582
1131 1659 1174 1701 m.

237 1755 344 1822 Sextili
378 1757 583 1824 circumvenit
615 1753 798 1834 obsidione,
842 1769 878 1822 ut
907 1753 988 1822 fame
1018 1769 1172 1840 tentaret,

232 1879 335 1942 statim
370 1874 443 1943 illuc
476 1876 663 1942 festinarunt
696 1871 890 1962 Hohenlojus
911 1889 943 1940 et
964 1873 1172 1957 Guilielmus,

232 2017 369 2084 quorum
392 1993 446 2060 hic
468 2017 612 2080 magnam
633 1993 717 2058 intus
738 2015 845 2058 rerum
867 1993 1007 2084 inopiam
1027 2016 1091 2059 esse
1114 2019 1169 2059 ac-

231 2113 373 2206 cipiens,
396 2112 475 2179 dum
495 2110 670 2180 obsidentes
692 2111 801 2201 pugni
824 2107 1030 2194 distraheret,
1058 2112 1170 2178 multus

230 2254 341 2297 currus
359 2245 531 2297 commeatu
551 2253 655 2316 graves
677 2230 711 2294 in
734 2225 890 2320 oppidum
913 2230 1019 2296 invehi
1041 2233 1169 2300 curavit

228 2351 310 2440 Quo
335 2349 418 2416 sacto
449 2347 624 2434 diligentius
647 2350 741 2440 sepsit
761 2344 864 2444 aditus
886 2345 1056 2434 Verdugo,
1081 2353 1168 2438 quasi

228 2493 322 2536 novas
340 2468 529 2535 invectiones
544 2464 763 2559 impediturus.
809 2466 855 2535 At
870 2489 945 2534 vero
959 2491 1085 2534 omnent
1100 2471 1167 2556 ejus

226 2613 334 2654 curant
351 2604 383 2653 et
400 2585 584 2673 vigilantiam
602 2583 678 2651 belli
692 2583 787 2652 duces
805 2584 980 2668 cluserunt,
1001 2587 1057 2676 qui
1074 2611 1162 2654 eom-

223 2709 339 2798 paratis
357 2707 443 2774 novis
463 2706 577 2798 copiis,
596 2704 719 2797 repulso
735 2704 843 2788 hoste,
863 2706 977 2772 iterum
991 2708 1164 2773 necessariis

221 2828 412 2918 praesidium
433 2827 657 2891 instruxerunt.
701 2821 798 2914 Quod
830 2822 909 2891 dum
939 2823 1054 2908 fiebat,
1084 2849 1161 2918 per·-

221 2945 315 3013 multi
338 2969 369 3011 sc
390 2959 577 3037 receperunt
595 2945 629 3010 in
648 2942 824 3036 oppidum,
846 2945 1074 3036 penuriamque
1090 2969 1160 3010 ma-

220 3080 375 3130 turarunt.
418 3063 559 3128 Tertiam
576 3086 649 3148 ergo
670 3065 878 3130 invectionem
897 3062 1061 3130 meditatus
1073 3066 1157 3133 Gni-

219 3182 360 3265 lieimus,
396 3180 524 3250 feliciter
560 3183 702 3274 peregit,
736 3205 836 3274 eoque
869 3181 1012 3250 laborum
1031 3205 1159 3250 suorum

218 3318 334 3368 eventu
355 3300 467 3367 fruitus
485 3315 546 3383 est,
570 3315 607 3364 ut
628 3297 663 3366 d.
685 3303 727 3366 22
746 3301 834 3392 Sept.
857 3299 996 3368 deserere
1017 3300 1155 3370 obsidio-

219 3445 291 3489 nem
310 3418 458 3505 Verdugo
478 3435 646 3504 cogeretur.
689 3419 791 3485 Divisa
811 3421 931 3504 agmina
953 3421 987 3486 in
1006 3420 1158 3513 praesidia

216 3539 386 3606 distribuit.
431 3536 495 3605 sed
517 3538 742 3621 Stenovicum,
764 3563 780 3604 a
804 3563 866 3629 qua
885 3541 964 3606 urbe
983 3536 1155 3606 obsidenda

216 3683 320 3752 nuper
340 3656 497 3724 discedere
517 3655 694 3750 compulsus
725 3657 849 3742 suerat,
885 3681 958 3725 cum
990 3657 1061 3724 data
1091 3683 1153 3752 op-

215 3779 404 3866 portunitate
426 3799 579 3869 occupare
601 3777 765 3862 cogitaret,
792 3779 905 3844 certior
926 3803 1013 3844 nunc
1032 3777 1154 3864 factus,

213 3897 384 3988 praefectos
407 3913 438 3962 ct
459 3919 600 3982 magnam
621 3893 754 3961 rnilitum
788 3911 910 3988 partem
933 3899 1011 3964 urbe
1033 3897 1072 3963 ud
1095 3923 1151 3965 ex-

214 4017 368 4082 cursiones
391 4015 514 4098 exiisse,
539 4040 554 4080 a
583 4015 718 4107 Baptista
750 4015 869 4100 Taxio,
892 4015 1050 4108 praefecto
1075 4041 1151 4096 suo,

211 4132 425 4200 invadendum
446 4136 574 4201 cruerit.
619 4135 708 4224 Qui,
734 4157 800 4224 quo
823 4149 888 4200 erat
912 4137 1026 4221 insigni
1054 4160 1148 4226 prac-

211 4251 295 4318 ditus
328 4253 441 4337 ingenii
475 4255 634 4334 acumine,
669 4250 820 4318 conducti
843 4254 950 4319 rustici
973 4277 1033 4344 ope
1058 4270 1149 4345 pate-
