3408 5664
658 955 716 1024 133

207 1119 385 1224 tolerabiles
417 1128 476 1219 ipsi
509 1129 695 1218 imponeret.
764 1129 935 1197 Gliscentes
969 1131 1152 1214 seditiones,

214 1243 248 1308 in
288 1241 416 1333 diesque
457 1246 673 1313 invalescentes
716 1273 753 1314 eo
792 1246 918 1313 tandem
956 1267 1153 1341 eruperunt,

213 1377 249 1425 ut
289 1361 436 1428 Calendis
480 1367 635 1430 Januariis
677 1363 815 1457 (1610),
864 1366 994 1457 quaudo
1039 1368 1153 1432 mutari

211 1482 325 1546 urbani
367 1483 557 1570 magistratus
597 1483 756 1568 solebant,
804 1485 921 1552 factiosi
963 1484 1150 1554 Lcovardia-

210 1597 246 1660 ni
277 1597 442 1665 confractis
465 1600 585 1666 foribus
607 1601 641 1666 in
672 1604 790 1668 curiam
812 1621 1022 1695 proruerent,
1056 1603 1148 1689 fuga-

208 1715 312 1804 tisque
333 1718 579 1803 magistratibus,
602 1743 620 1785 e
645 1720 828 1788 turbulento
850 1722 1018 1788 bominum
1039 1747 1151 1808 genere

208 1859 303 1901 novos
337 1855 488 1904 crearent.
544 1837 664 1904 Aberat
701 1855 770 1906 tum
797 1840 877 1906 forte
913 1843 949 1906 in
986 1838 1150 1908 Hollandia
1238 1873 1249 1897 ο

207 1953 412 2038 Guilielmus,
446 1981 534 2046 quo,
555 1975 724 2048 postquam
748 1956 866 2025 Bredae
896 1984 971 2025 cum
999 1961 1150 2025 Mauritio

204 2071 334 2163 aliisque
348 2075 517 2141 Nassavicis
539 2077 720 2142 Comitibus·
734 2075 921 2143 Eleonoram
940 2078 1148 2160 Borboniam,

198 2193 343 2281 quaein
372 2191 428 2257 bas
460 2210 562 2264 terras,
591 2219 629 2259 ex
664 2196 855 2286 Principatu-
880 2194 1049 2262 Arausiaco
1077 2220 1150 2260 cum

204 2311 360 2405 Philippo
390 2313 557 2380 Guilielmo
586 2315 782 2396 ventitabat,
825 2313 957 2381 officiose
989 2312 1145 2388 ‚salutave-

203 2447 252 2497 rat
287 2437 350 2514 (¹),
394 2433 597 2524 Reipublicae
629 2460 665 2500 ac
699 2430 810 2499 domus
847 2435 1006 2506 Nassaviae
1045 2458 1147 2500 caussa

201 2573 267 2615 sese
301 2551 484 2618 contulerat.
529 2553 617 2642 Qui,
644 2555 699 2620 ubi
723 2551 764 2618 dc
798 2555 956 2618 intestinis
987 2553 1145 2634 motibus,

204 2671 325 2759 quibus
357 2673 526 2739 vexabatur
556 2673 741 2763 provincia,
781 2671 895 2738 certior
927 2687 994 2738 erat
1025 2671 1144 2752 lactus,

202 2788 338 2873 veritus,
371 2813 412 2855 ne
440 2814 498 2879 per
530 2789 678 2856 finitimas
708 2813 851 2880 quasque,
877 2791 970 2855 urbes
997 2791 1032 2856 in
1056 2806 1142 2857 cete-

200 2933 333 2999 ramque
366 2908 518 2975 ditionem
553 2893 779 2976 malivolormn'
801 2902 903 2984 studia
929 2904 1140 2986 extenderen-

199 3047 276 3113 tur,
298 3046 392 3120 atque
413 3029 515 3096 omnia
535 3053 649 3120 susque
673 3027 777 3119 deque
805 3041 1030 3106 ve1·tere‚ntur,.
1054 3029 1140 3092 Leo-

198 3147 338 3215 vardtam
356 3147 438 3213 illico
461 3146 645 3229 contendit,
679 3172 714 3212 ac
735 3146 990 3237 sapientissimam
1014 3140 1055 3206 ad
1085 3167 1136 3208 se-

197 3264 321 3332 dandos
353 3268 470 3330 animos
498 3267 578 3332 viam
607 3267 686 3331 iniit.
738 3267 884 3353 Namque
920 3257 1077 3328 moderate
1108 3286 1140 3326 se

196 3411 329 3474 gerens,
360 3386 520 3476 increpuit
550 3383 708 3456 seditionis
743 3400 907 3467 auctores,
949 3380 1139 3472 edocuitque

195 3506 379 3592 gruussiuris
407 3505 531 3586 verbis,
572 3504 684 3593 quanti
716 3500 882 3568 concordia
916 3502 1029 3568 civium
1060 3516 1137 3566 esset

196 3622 341 3692 facienda
367 3623 430 3691 boc
460 3623 641 3713 praesertim
669 3638 834 3712 tempore,
876 3644 943 3710 quo
963 3616 1135 3716 debilitatos

195 3743 349 3810 diuturno
373 3743 457 3809 bello
475 3741 605 3810 reficere
625 3744 703 3808 virus
731 3742 819 3808 omni
845 3764 906 3831 ope
930 3754 1008 3802 esset
1037 3738 1133 3802 anni-

195 3861 341 3933 tendum,
371 3863 477 3944 Fecit,
497 3878 533 3926 ut
550 3861 608 3928 hos
624 3860 833 3950 improbitatis
852 3859 1054 3950 poeniteret,
1078 3881 1132 3922 ce-

231 4166 274 4226 tt)
295 4161 338 4212 Cf.
364 4159 424 4211 Vau
443 4159 590 4226 Coppelle,
611 4159 703 4226 Filae'ps
730 4156 860 4220 Willem,
890 4151 1131 4213 Redemi-1828,

198 4269 225 4317 p.
246 4253 305 4304 ηδ.
