3454 5658
479 1427 979 1519 INTROITUS.

625 1705 811 1744 maa-*¹*-

308 1909 487 2016 Admirari
511 1949 628 2040 saepius
651 1975 724 2017 cum
744 1925 890 2018 admixto
908 1947 1046 2042 quodam
1066 1901 1195 2014 ¹venera-

264 2067 354 2133 tionis
385 2091 477 2134 sensu
507 2067 588 2134 soleo
618 2067 735 2134 bellum
769 2066 847 2134 illud
879 2066 1084 2150 diuturnum,
1111 2063 1198 2156 quod

265 2187 347 2284 varii
378 2183 503 2252 fortuni
538 2202 679 2272 gestum,
714 2185 900 2254 felicissimos
935 2186 1051 2278 patriae
1080 2198 1199 2250 nostrae

264 2318 393 2369 eventus
414 2305 545 2395 peperit.
590 2303 686 2394 Quod
710 2303 840 2396 quidem
861 2320 897 2370 ut
918 2304 1054 2391 legitimo
1073 2325 1199 2397 prorsus

264 2419 359 2489 modo
377 2423 410 2488 in
433 2423 585 2515 Hispanos
609 2439 787 2515 susceptum
811 2422 890 2508 suit,
912 2425 958 2492 sie
983 2439 1067 2490 tauta
1087 2419 1197 2489 alaeri-

265 2558 325 2608 tate
345 2559 376 2608 et
397 2545 567 2610 constantia
588 2567 645 2634 per
666 2544 820 2630 octoginta
841 2565 938 2610 annos
962 2544 1198 2624 continuatam,

265 2675 350 2726 utet
369 2677 471 2728 nostra
492 2675 523 2728 et
546 2685 619 2728 vero
641 2679 814 2728 exterorum
834 2664 973 2750 gentium
998 2657 1199 2728 admiratione

265 2781 395 2848 merisne
414 2779 546 2867 dignum
564 2780 666 2850 suerit.
702 2780 755 2850 Ad
777 2805 809 2849 ea
831 2797 970 2874 tempora
989 2781 1109 2872 quoties
1127 2783 1197 2848 ani·

265 2923 353 2966 mum
373 2899 517 2986 adverto,
540 2903 627 2968 toties
650 2924 752 2967 amore
773 2925 842 2988 erga
862 2899 926 2966 illos
945 2897 1118 2984 incendor,
1142 2903 1201 2992 qui

165 3027 168 3044 ⁴
264 3019 411 3086 libertatis
441 3037 559 3087 nostrae
591 3017 746 3104 vindices,
781 3034 812 3084 at
843 3020 954 3086 virtute
984 3042 1037 3086 sua
1067 3018 1200 3086 nominis

265 3141 442 3206 memoriam
464 3137 742 3223 commendarunt,
767 3155 798 3204 et
821 3135 963 3230 exemplo
985 3153 1121 3228 posteros
1139 3158 1196 3201 ex·

266 3259 400 3324 vitarunt
427 3255 466 3323 atl
496 3257 643 3324 tuendam
664 3259 795 3349 patriam
814 3256 958 3324 adversus
979 3252 1197 3322 dominationis

266 3378 329 3441 rim
350 3391 381 3440 et
401 3372 573 3441 libidinem.
618 3375 728 3464 quue
749 3378 843 3462 magis
864 3376 1002 3442 venerari
1019 3398 1070 3442 eos
1090 3389 1121 3442 et
1141 3399 1197 3444 oo-

266 3494 327 3560 iere
358 3519 415 3586 par
444 3510 510 3578 est,
545 3493 631 3586 quod
661 3497 799 3562 maximis
828 3497 925 3588 pressi
956 3494 1197 3578 calamitatibus,
1282 3519 1284 3526 ’

266 3611 443 3703 posthabiti
462 3613 581 3704 privati
606 3615 783 3680 auctoritate
808 3629 839 3679 et
860 3612 977 3700 glorii,
999 3615 1070 3700 jura
1090 3611 1200 3706 populi

266 3746 297 3796 et
314 3729 392 3817 leges
413 3732 452 3796 ab
477 3730 574 3798 alieno
601 3733 728 3798 arbitrio
755 3731 924 3798 defendere
955 3750 1200 3824 perseverarunt·

269 3849 419 3941 Quemvis,
440 3851 524 3916 enim
544 3849 580 3916 hi
601 3849 747 3918 libertatis
769 3854 892 3943 patroni
925 3877 989 3920 non
1022 3875 1091 3937 eoa,
1121 3877 1200 3946 quoa

269 3969 436 4058 cupiebant
447 4019 469 4056 ‚⁵
478 3991 654 4061 progressus
677 3970 831 4054 facerent,
854 3975 1036 4066 saepiusque
1052 3969 1198 4052 advorsi,

269 4109 364 4176 quam
385 4085 522 4154 secundi
551 4087 675 4156 fortuni
705 4107 886 4174 uterentur,
919 4087 1120 4158 confidebant
1149 4105 1198 4154 ta·

268 4228 361 4291 men,
384 4207 585 4296 optimatem
609 4208 775 4300 aliquando
802 4235 863 4275 esse
891 4232 1054 4278 evasuram.
1099 4207 1200 4300 quue
