3454 5658
970 876 990 920 X

508 1031 683 1125 prehendi:
719 1033 795 1098 haec
816 1033 909 1118 igitur
932 1028 1066 1096 emenda
1098 1030 1258 1096 coratiuuo.
1314 1030 1452 1098 Sublatis

507 1155 585 1234 illis,
616 1171 650 1219 tu
675 1153 785 1236 facile,
810 1150 897 1241 quod
928 1151 1078 1240 consequi
1105 1147 1230 1228 studes,
1255 1151 1446 1239 assequeris:

505 1299 579 1340 nam
600 1277 706 1339 virtus
733 1283 799 1355 est,
822 1289 858 1336 ut
882 1273 925 1336 alt
947 1269 1017 1354 ille,
1040 1274 1157 1337 vitium
1172 1271 1314 1360 fugere.
1362 1273 1452 1336 Tum

467 1476 469 1481 Ι
504 1419 578 1460 vem
605 1375 652 1460 est
683 1396 717 1459 in
752 1390 863 1460 iisdem
882 1388 1044 1479 judicibus
1067 1391 1115 1456 vir
1139 1390 1279 1482 optimus
1300 1387 1447 1457 doctissi-

504 1537 658 1606 musque,
681 1529 769 1579 vetus
793 1513 908 1578 amicus
930 1534 1039 1591 meus,
1063 1508 1322 1596 Siegenbeekius,
1344 1511 1385 1578 V.
1398 1509 1448 1578 Cl.

504 1636 561 1726 qui
586 1659 646 1725 pro
673 1633 889 1708 humanitate,
929 1656 991 1718 qn
1018 1627 1160 1712 excellit,
1195 1629 1307 1694 lubens
1333 1630 1390 1696 tihi
1414 1631 1448 1694 in

503 1754 726 1821 honestissimis
750 1751 798 1818 his
824 1748 934 1816 studiis
957 1751 1122 1815 tuismet
1144 1749 1273 1816 consilio
1294 1745 1449 1840 proderit

503 1874 626 1939 Licebit
657 1875 733 1938 item
763 1873 821 1937 tibi
852 1870 994 1962 publicas
1027 1867 1114 1959 apud
1147 1894 1204 1936 nos
1242 1869 1447 1936 bibliothecas

503 1994 713 2084 perscrutari,
746 1993 769 2056 si
805 2016 868 2080 qua
897 1989 979 2055 sorte
1007 1990 1042 2054 in
1073 1991 1108 2056 iis
1131 1989 1266 2072 lateant,
1301 2013 1383 2079 quae
1407 1988 1448 2054 ad

500 2137 549 2177 res
572 2110 730 2178 Guilielmi
763 2108 917 2176 liudovici
949 2111 1122 2176 accuratius
1156 2107 1342 2194 tradendas,
1377 2125 1446 2178 tum

501 2229 656 2296 etiamad
682 2231 786 2295 virum
810 2230 918 2320 ipsum
949 2230 1080 2294 interius
1105 2229 1358 2316 cognoscendum
1387 2255 1445 2298 va-

502 2351 606 2416 leantz
630 2351 665 2414 in
682 2351 799 2438 quibus
814 2346 962 2438 epistolae
982 2347 1154 2414 censendae
1173 2351 1207 2414 in
1226 2353 1336 2441 primis
1355 2371 1440 2419 sunt.

502 2469 565 2538 Sed
592 2469 669 2535 haec
694 2485 730 2534 tu
751 2483 877 2561 postea:
911 2492 999 2534 nunc
1021 2471 1336 2554 commentationem,
1359 2490 1444 2538 1ecte

500 2607 571 2658 ate
592 2590 730 2656 limatam
763 2605 795 2653 et
825 2587 1032 2680 perpolitam,
1067 2586 1139 2653 edas
1160 2587 1269 2656 velim:
1294 2614 1360 2657 non
1384 2591 1445 2658 hac

500 2736 555 2802 spe
587 2727 618 2775 et
646 2709 895 2800 exspectatione,
940 2725 976 2773 ut
1007 2707 1165 2794 gloriolam
1195 2706 1290 2792 inde,
1337 2712 1443 2777 nescio

502 2855 614 2924 quam,
638 2845 761 2921 captes:
778 2829 992 2917 ptincipibus
1002 2830 1177 2916 placuisse
1197 2833 1280 2894 virts
1303 2853 1369 2895 aon
1387 2833 1447 2896 ul-

501 2957 582 3018 tima
605 2953 682 3016 laus
706 2959 775 3015 est:
797 2947 875 3014 haec
898 2964 1003 3013 autem
1028 2947 1093 3012 laus
1123 2948 1204 3031 tibi,
1227 2950 1272 3013 mi
1293 2947 1363 3031 fili,
1386 2973 1445 3041 per

500 3089 597 3138 totam
629 3071 723 3136 vitam
759 3093 822 3134 una
855 3068 997 3134 sufficiet.
1067 3066 1131 3134 Sed
1169 3067 1254 3134 aliud
1292 3070 1352 3135 tibi
1381 3093 1444 3136 esse

499 3191 676 3284 oportebit,
698 3188 855 3279 longeque
882 3190 999 3275 majus,
1023 3189 1202 3277 speciminis
1221 3188 1341 3256 edendi
1360 3215 1444 3257 con-

497 3312 625 3395 silium,
653 3325 685 3374 et
708 3311 850 3402 [maxime
879 3305 958 3373 illud
983 3331 1058 3374 cum
1081 3309 1198 3399 patriae
1223 3323 1278 3376 tuo
1302 3326 1334 3374 et
1356 3311 1443 3376 Gui-

498 3429 592 3496 lielmi
628 3428 781 3494 Nassavici
823 3451 928 3494 amore
970 3429 1189 3514 conjunctum.
1256 3431 1444 3496 Excitaveris

498 3553 578 3618 sorte
600 3548 633 3614 id
663 3546 784 3634 agendo
806 3572 880 3614 cum
895 3548 1027 3634 juvenes
1058 3547 1154 3632 alios,
1191 3566 1227 3613 ut
1258 3551 1379 3614 naviter
1408 3551 1442 3614 in

499 3672 615 3761 patriae
636 3687 759 3734 nostrae
782 3667 944 3732 historiam
971 3668 1183 3752 incumbant,
1204 3683 1272 3734 tum
1296 3691 1370 3735 vero
1391 3671 1445 3734 vi-

499 3817 549 3858 ros
571 3792 684 3871 etiam,
715 3789 814 3879 probe
837 3789 871 3852 in
893 3787 943 3854 illa
968 3805 1118 3872 versatos,
1141 3806 1177 3853 ut
1201 3813 1218 3853 e
1242 3791 1362 3856 scriniis
1379 3791 1446 3855 suis.

498 3926 683 4003 expromunt
701 3925 732 3974 et
752 3909 918 3974 nobiscum
936 3911 1190 3991 communicent,
1214 3933 1294 4000 quae
1318 3907 1359 3974 <le
1381 3910 1441 3976 hac

498 4034 642 4098 histom'ae
675 4047 764 4122 parte
792 4037 828 4096 a'c
853 4028 893 4094 de
917 4031 988 4095 viris
1012 4031 1046 4093 in
1077 4051 1110 4094 ea
1141 4029 1312 4094 illustribus
1348 4055 1441 4096 com-

498 4154 629 4244 mentati
656 4152 719 4216 sint
743 4149 816 4216 olim
848 4166 942 4238 atquc
972 4148 1206 4215 elaboraverint.
1259 4146 1357 4237 Quod
1384 4149 1439 4212 uhi
