3408 5664
952 1043 994 1109 92

540 1211 601 1282 Pc'r
621 1231 719 1282 totam
738 1215 803 1280 scre
823 1215 958 1286 hiemem
976 1213 1127 1300 Verdugo
1145 1211 1339 1281 Covordi'um
1351 1237 1444 1304 pres-

473 1351 565 1399 ‘sum
601 1333 763 1401 obsidione
783 1335 902 1401 terrun.
965 1333 1133 1401 Mauritius
1160 1349 1265 1399 autem
1295 1333 1443 1416 afflictam

494 1451 640 1544 praesidii
662 1452 876 1520 conditionem
896 1455 1073 1536 miseratus,
1102 1453 1238 1543 proximi
1259 1453 1335 1518 anni
1358 1453 1442 1522 1594

494 1591 539 1636 m·
568 1569 676 1663 Aprili
712 1571 850 1639 Suellam
887 1598 960 1640 eum
995 1573 1133 1639 exercitu
1163 1595 1195 1638 se
1221 1555 1351 1662 recepit.
1395 1573 1444 1640 Eo

495 1714 624 1784 quoque
635 1692 773 1758 Comites
791 1691 979 1776 Selmensis,
997 1690 1165 1784 Philippus
1187 1692 1371 1776 Nassavius,
1393 1691 1443 1758 alii

494 1811 577 1876 bene
598 1809 690 1876 multi
710 1835 783 1878 cum
805 1812 865 1877 suis
881 1809 994 1898 singuli
1013 1811 1189 1898 agminibus
1206 1809 1440 1878 confluxerunt.

494 1929 655 1998 Praeterea
678 1931 863 2000 Guilielmus
884 1929 1050 2018 diligenter
1069 1955 1086 1996 a
1110 1929 1245 2020 patrueli
1271 1931 1306 1995 iu
1334 1953 1441 1997 armo·

493 2071 567 2115 rum
584 2049 762 2117 societatem
781 2066 925 2134 vocatus,
950 2075 1025 2117 eum
1050 2050 1221 2117 fortissimis
1244 2051 1341 2142 copiis
1364 2075 1437 2118 eum

494 2167 584 2235 brevi
605 2171 761 2239 convenit.
804 2171 955 2262 Quorum
985 2168 1118 2262 quidem
1149 2168 1322 2236 adventum
1349 2170 1441 2236 initio

496 2289 662 2354 contemsit
682 2287 853 2375 Verdugo:
880 2313 954 2356 mox
975 2305 1068 2371 vero,
1091 2290 1146 2354 ubi
1166 2289 1298 2384 propius
1317 2311 1442 2356 movere

497 2429 568 2491 eos,
589 2421 622 2472 et
640 2404 779 2474 subsidio
806 2406 1009 2475 Covordianis
1031 2406 1198 2476 adventare
1226 2405 1440 2495 intelligebat,

498 2541 587 2593 tanto
606 2541 739 2620 repente
761 2541 848 2594 metu
870 2525 1030 2619 perculsus
1051 2543 1119 2611 est,
1152 2541 1189 2594 ut
1216 2523 1271 2592 die
1293 2523 1316 2592 7
1336 2524 1440 2612 Maji,

496 2662 666 2739 postquam
698 2660 772 2714 octo
805 2669 926 2714 menses
961 2643 1002 2713 ad
1042 2641 1200 2740 oppidmn
1239 2643 1442 2729 consederat,

495 2765 600 2832 subito
621 2763 817 2832 obsidionem
838 2766 976 2834 solveret.

539 2887 623 2950 Tam
645 2885 800 2975 insperata
820 2884 945 2952 fortuna
965 2883 1128 2954 foederatis
1146 2887 1267 2952 animos
1282 2905 1351 2952 non
1369 2880 1432 2950 ad-

494 3004 570 3071 dere
589 3030 655 3072 non
678 3019 820 3098 poterat,
855 3007 898 3070 ita
923 3020 960 3071 ut
979 3007 1111 3072 maxima
1133 3001 1308 3098 peragenda
1332 3019 1439 3069 mente

496 3124 711 3217 conciperent.
779 3123 1029 3210 Ambigebatur,
1071 3139 1181 3190 utrum
1223 3119 1438 3210 Verdugianos

493 3240 661 3340 persequi,
683 3267 723 3310 an
748 3242 946 3331 Groningam
970 3253 1437 3334 converteremmapraestaret.

493 3361 583 3430 Mitti
614 3364 709 3449 igitur
744 3361 824 3430 duos
860 3360 973 3450 legatos
1006 3363 1124 3451 Hagam
1156 3362 1286 3428 Comitis
1321 3359 1439 3452 placuit

494 3481 702 3566 sciscitatum,
732 3498 802 3547 utra
823 3483 974 3548 sententia
996 3480 1174 3550 Ordinibus
1195 3477 1359 3548 foederatis
1378 3503 1435 3546 ac-

496 3601 616 3694 ceptior
639 3597 809 3669 videretur.
854 3600 908 3669 Ab
931 3602 980 3667 his
1000 3625 1074 3670 vero
1093 3601 1253 3668 communi
1273 3597 1436 3667 ordinum

494 3717 628 3786 Senatds
645 3735 677 3784 et
694 3722 834 3785 Mauritii
849 3718 972 3808 judicio
1000 3744 1048 3786 res
1079 3719 1345 3802 submittebatur,
1376 3719 1436 3809 qui

492 3835 713 3903 deliberatione
735 3835 856 3904 Suollae
877 3839 975 3922 inita,
1007 3839 1204 3924 Groningam
1223 3835 1298 3903 belli
1320 3834 1435 3904 molem

491 3956 649 4040 admoveri
668 3953 883 4023 decreverunt.
927 3959 1038 4048 Itaque
1063 3957 1225 4024 tormentis
1246 3971 1277 4022 et
1301 3927 1445 4045 reliquis

489 4074 722 4170 impedimentis
752 4078 887 4168 paratis,
921 4079 1026 4170 copiae
1047 4079 1081 4144 in
1103 4078 1185 4143 viam
1207 4099 1240 4142 se
1262 4071 1430 4142 dederunt.

489 4196 555 4266 Ubi
576 4211 772 4264 accesserunt
802 4195 843 4260 ad
878 4199 1094 4285 G1oningam‚
1119 4197 1272 4288 bipartito
1293 4193 1432 4275 divisse,

485 4332 582 4382 casua
604 4332 734 4384 metatae
756 4318 1018 4405 suntamejora,
1048 4318 1082 4384 in
1118 4317 1234 4415 quibus
1263 4316 1323 4406 ipsi
1357 4312 1433 4382 belli
