<?xml version="1.0" encoding="UTF-8"?>
<!DOCTYPE html PUBLIC "-//W3C//DTD XHTML 1.0 Transitional//EN"
    "http://www.w3.org/TR/xhtml1/DTD/xhtml1-transitional.dtd">
<html xmlns="http://www.w3.org/1999/xhtml" xml:lang="en" lang="en">
 <head>
  <title>
</title>
<meta http-equiv="Content-Type" content="text/html;charset=utf-8" />
  <meta name='ocr-system' content='tesseract 3.04.00' />
  <meta name='ocr-capabilities' content='ocr_page ocr_carea ocr_par ocr_line ocrx_word'/>
</head>
<body>
  <div class='ocr_page' id='page_1' title='image "./diatribeinguili00heusgoog_0078.png"; bbox 0 0 3432 5666; ppageno 0'>
   <div class='ocr_carea' id='block_1_1' title="bbox 996 834 1040 898">
    <p class='ocr_par' dir='ltr' id='par_1_1' title="bbox 996 834 1040 898">
     <span class='ocr_line' id='line_1_1' title="bbox 996 834 1040 898; baseline -0.023 0"><span class='ocrx_word' id='word_1_1' title='bbox 996 834 1040 898; x_wconf 71' lang='lat' dir='ltr'><strong>bl}</strong></span> 
     </span>
    </p>
   </div>
   <div class='ocr_carea' id='block_1_2' title="bbox 488 1001 1488 2648">
    <p class='ocr_par' dir='ltr' id='par_1_2' title="bbox 488 1001 1488 2648">
     <span class='ocr_line' id='line_1_2' title="bbox 548 1001 1488 1097; baseline 0 -25"><span class='ocrx_word' id='word_1_2' title='bbox 548 1001 627 1072; x_wconf 87' lang='lat' dir='ltr'><strong>dum</strong></span> <span class='ocrx_word' id='word_1_3' title='bbox 643 1003 779 1073; x_wconf 78' lang='lat' dir='ltr'><strong>Ordines</strong></span> <span class='ocrx_word' id='word_1_4' title='bbox 797 1004 1035 1097; x_wconf 85' lang='lat' dir='ltr'><strong>stipendiarium</strong></span> <span class='ocrx_word' id='word_1_5' title='bbox 1050 1007 1224 1095; x_wconf 77' lang='lat' dir='ltr'><strong>equitatum</strong></span> <span class='ocrx_word' id='word_1_6' title='bbox 1242 1005 1438 1090; x_wconf 83' lang='lat' dir='ltr'><strong>habuissent,</strong></span> <span class='ocrx_word' id='word_1_7' title='bbox 1456 1021 1488 1072; x_wconf 83' lang='lat' dir='ltr'><strong>et</strong></span> 
     </span>
     <span class='ocr_line' id='line_1_3' title="bbox 546 1099 1487 1216; baseline 0 -26"><span class='ocrx_word' id='word_1_8' title='bbox 546 1123 644 1192; x_wconf 73' lang='lat' dir='ltr'><strong>rarior</strong></span> <span class='ocrx_word' id='word_1_9' title='bbox 665 1127 732 1212; x_wconf 90' lang='lat' dir='ltr'><strong>ejus</strong></span> <span class='ocrx_word' id='word_1_10' title='bbox 755 1148 825 1190; x_wconf 91' lang='lat' dir='ltr'><strong>usus</strong></span> <span class='ocrx_word' id='word_1_11' title='bbox 846 1125 881 1188; x_wconf 93' lang='lat' dir='ltr'><strong>in</strong></span> <span class='ocrx_word' id='word_1_12' title='bbox 905 1123 1051 1214; x_wconf 88' lang='lat' dir='ltr'><strong>paludosa</strong></span> <span class='ocrx_word' id='word_1_13' title='bbox 1076 1139 1107 1188; x_wconf 91' lang='lat' dir='ltr'><strong>et</strong></span> <span class='ocrx_word' id='word_1_14' title='bbox 1130 1099 1284 1213; x_wconf 65' lang='lat' dir='ltr'><strong>aorramm</strong></span> <span class='ocrx_word' id='word_1_15' title='bbox 1311 1123 1405 1216; x_wconf 84' lang='lat' dir='ltr'><strong>plena</strong></span> <span class='ocrx_word' id='word_1_16' title='bbox 1430 1148 1487 1190; x_wconf 83' lang='lat' dir='ltr'><strong>re·</strong></span> 
     </span>
     <span class='ocr_line' id='line_1_4' title="bbox 530 1242 1486 1335; baseline -0.003 -24"><span class='ocrx_word' id='word_1_17' title='bbox 530 1247 637 1332; x_wconf 31' lang='lat' dir='ltr'><strong>,gione</strong></span> <span class='ocrx_word' id='word_1_18' title='bbox 660 1262 761 1328; x_wconf 87' lang='lat' dir='ltr'><strong>esset,</strong></span> <span class='ocrx_word' id='word_1_19' title='bbox 784 1261 892 1312; x_wconf 83' lang='lat' dir='ltr'><strong>auctor</strong></span> <span class='ocrx_word' id='word_1_20' title='bbox 913 1261 1001 1326; x_wconf 87' lang='lat' dir='ltr'><strong>erat,</strong></span> <span class='ocrx_word' id='word_1_21' title='bbox 1024 1260 1059 1308; x_wconf 90' lang='lat' dir='ltr'><strong>ut</strong></span> <span class='ocrx_word' id='word_1_22' title='bbox 1084 1242 1242 1333; x_wconf 83' lang='lat' dir='ltr'><strong>pedestres</strong></span> <span class='ocrx_word' id='word_1_23' title='bbox 1264 1245 1369 1335; x_wconf 89' lang='lat' dir='ltr'><strong>copiae</strong></span> <span class='ocrx_word' id='word_1_24' title='bbox 1390 1245 1486 1334; x_wconf 78' lang='lat' dir='ltr'><strong>equi-</strong></span> 
     </span>
     <span class='ocr_line' id='line_1_5' title="bbox 488 1361 1485 1437; baseline -0.002 -7"><span class='ocrx_word' id='word_1_25' title='bbox 488 1369 493 1378; x_wconf 85' lang='grc'><strong>”</strong></span> <span class='ocrx_word' id='word_1_26' title='bbox 538 1381 617 1437; x_wconf 81' lang='lat' dir='ltr'><strong>,tum</strong></span> <span class='ocrx_word' id='word_1_27' title='bbox 640 1363 709 1432; x_wconf 90' lang='lat' dir='ltr'><strong>loco</strong></span> <span class='ocrx_word' id='word_1_28' title='bbox 729 1381 968 1430; x_wconf 81' lang='lat' dir='ltr'><strong>assumerentur.</strong></span> <span class='ocrx_word' id='word_1_29' title='bbox 1015 1366 1076 1430; x_wconf 89' lang='lat' dir='ltr'><strong>Cui</strong></span> <span class='ocrx_word' id='word_1_30' title='bbox 1099 1363 1228 1430; x_wconf 90' lang='lat' dir='ltr'><strong>consilio</strong></span> <span class='ocrx_word' id='word_1_31' title='bbox 1250 1365 1360 1428; x_wconf 80' lang='lat' dir='ltr'><strong>assensi</strong></span> <span class='ocrx_word' id='word_1_32' title='bbox 1381 1361 1485 1430; x_wconf 81' lang='lat' dir='ltr'><strong>Ordi-</strong></span> 
     </span>
     <span class='ocr_line' id='line_1_6' title="bbox 546 1483 1487 1574; baseline -0.002 -24"><span class='ocrx_word' id='word_1_33' title='bbox 546 1508 620 1567; x_wconf 85' lang='lat' dir='ltr'><strong>nes,</strong></span> <span class='ocrx_word' id='word_1_34' title='bbox 654 1483 747 1550; x_wconf 89' lang='lat' dir='ltr'><strong>simul</strong></span> <span class='ocrx_word' id='word_1_35' title='bbox 780 1508 901 1550; x_wconf 87' lang='lat' dir='ltr'><strong>morem</strong></span> <span class='ocrx_word' id='word_1_36' title='bbox 934 1487 1123 1570; x_wconf 79' lang='lat' dir='ltr'><strong>abrogarunt</strong></span> <span class='ocrx_word' id='word_1_37' title='bbox 1159 1483 1199 1549; x_wconf 90' lang='lat' dir='ltr'><strong>de</strong></span> <span class='ocrx_word' id='word_1_38' title='bbox 1232 1485 1324 1550; x_wconf 88' lang='lat' dir='ltr'><strong>tertio</strong></span> <span class='ocrx_word' id='word_1_39' title='bbox 1359 1507 1487 1574; x_wconf 88' lang='lat' dir='ltr'><strong>quoque</strong></span> 
     </span>
     <span class='ocr_line' id='line_1_7' title="bbox 545 1601 1487 1696; baseline -0.004 -24"><span class='ocrx_word' id='word_1_40' title='bbox 545 1606 612 1672; x_wconf 84' lang='lat' dir='ltr'><strong>viro</strong></span> <span class='ocrx_word' id='word_1_41' title='bbox 639 1628 698 1696; x_wconf 89' lang='lat' dir='ltr'><strong>per</strong></span> <span class='ocrx_word' id='word_1_42' title='bbox 727 1629 814 1690; x_wconf 83' lang='lat' dir='ltr'><strong>agros</strong></span> <span class='ocrx_word' id='word_1_43' title='bbox 842 1601 1013 1682; x_wconf 88' lang='lat' dir='ltr'><strong>armando,</strong></span> <span class='ocrx_word' id='word_1_44' title='bbox 1048 1602 1280 1670; x_wconf 74' lang='lat' dir='ltr'><strong>demonstrante</strong></span> <span class='ocrx_word' id='word_1_45' title='bbox 1301 1601 1487 1686; x_wconf 84' lang='lat' dir='ltr'><strong>Guilielmo,</strong></span> 
     </span>
     <span class='ocr_line' id='line_1_8' title="bbox 545 1721 1486 1817; baseline -0.004 -27"><span class='ocrx_word' id='word_1_46' title='bbox 545 1725 618 1817; x_wconf 88' lang='lat' dir='ltr'><strong>plus</strong></span> <span class='ocrx_word' id='word_1_47' title='bbox 642 1723 993 1815; x_wconf 82' lang='lat' dir='ltr'><strong>commodierrspectari</strong></span> <span class='ocrx_word' id='word_1_48' title='bbox 1017 1747 1126 1814; x_wconf 83' lang='lat' dir='ltr'><strong>posse,</strong></span> <span class='ocrx_word' id='word_1_49' title='bbox 1156 1723 1182 1788; x_wconf 86' lang='lat' dir='ltr'><strong>si</strong></span> <span class='ocrx_word' id='word_1_50' title='bbox 1206 1721 1316 1786; x_wconf 73' lang='lat' dir='ltr'><strong>milites</strong></span> <span class='ocrx_word' id='word_1_51' title='bbox 1338 1745 1372 1788; x_wconf 89' lang='lat' dir='ltr'><strong>ea</strong></span> <span class='ocrx_word' id='word_1_52' title='bbox 1398 1745 1486 1786; x_wconf 87' lang='lat' dir='ltr'><strong>mer-</strong></span> 
     </span>
     <span class='ocr_line' id='line_1_9' title="bbox 545 1841 1487 1933; baseline -0.004 -23"><span class='ocrx_word' id='word_1_53' title='bbox 545 1842 622 1910; x_wconf 88' lang='lat' dir='ltr'><strong>cede</strong></span> <span class='ocrx_word' id='word_1_54' title='bbox 653 1843 934 1927; x_wconf 83' lang='lat' dir='ltr'><strong>conducerentur,</strong></span> <span class='ocrx_word' id='word_1_55' title='bbox 967 1869 1030 1933; x_wconf 87' lang='lat' dir='ltr'><strong>qua</strong></span> <span class='ocrx_word' id='word_1_56' title='bbox 1062 1843 1199 1926; x_wconf 84' lang='lat' dir='ltr'><strong>rustici,</strong></span> <span class='ocrx_word' id='word_1_57' title='bbox 1234 1841 1362 1928; x_wconf 81' lang='lat' dir='ltr'><strong>agrestia</strong></span> <span class='ocrx_word' id='word_1_58' title='bbox 1393 1865 1487 1931; x_wconf 80' lang='lat' dir='ltr'><strong>opera</strong></span> 
     </span>
     <span class='ocr_line' id='line_1_10' title="bbox 544 1959 1487 2054; baseline -0.001 -25"><span class='ocrx_word' id='word_1_59' title='bbox 544 1961 618 2030; x_wconf 88' lang='lat' dir='ltr'><strong>belli</strong></span> <span class='ocrx_word' id='word_1_60' title='bbox 639 1963 848 2031; x_wconf 87' lang='lat' dir='ltr'><strong>incommodis</strong></span> <span class='ocrx_word' id='word_1_61' title='bbox 870 1963 1098 2054; x_wconf 82' lang='lat' dir='ltr'><strong>praeferentes,</strong></span> <span class='ocrx_word' id='word_1_62' title='bbox 1118 1962 1192 2028; x_wconf 82' lang='lat' dir='ltr'><strong>alios</strong></span> <span class='ocrx_word' id='word_1_63' title='bbox 1214 1963 1249 2026; x_wconf 93' lang='lat' dir='ltr'><strong>in</strong></span> <span class='ocrx_word' id='word_1_64' title='bbox 1270 1985 1364 2028; x_wconf 88' lang='lat' dir='ltr'><strong>suum</strong></span> <span class='ocrx_word' id='word_1_65' title='bbox 1383 1959 1487 2028; x_wconf 87' lang='lat' dir='ltr'><strong>loc&#39;trm</strong></span> 
     </span>
     <span class='ocr_line' id='line_1_11' title="bbox 544 2081 1485 2164; baseline 0 -16"><span class='ocrx_word' id='word_1_66' title='bbox 544 2083 730 2151; x_wconf 79' lang='lat' dir='ltr'><strong>substituere</strong></span> <span class='ocrx_word' id='word_1_67' title='bbox 750 2083 900 2150; x_wconf 68' lang='lat' dir='ltr'><strong>solerent,</strong></span> <span class='ocrx_word' id='word_1_68' title='bbox 951 2083 1005 2150; x_wconf 88' lang='lat' dir='ltr'><strong>Sic</strong></span> <span class='ocrx_word' id='word_1_69' title='bbox 1026 2084 1113 2148; x_wconf 86' lang='lat' dir='ltr'><strong>euim</strong></span> <span class='ocrx_word' id='word_1_70' title='bbox 1134 2081 1224 2164; x_wconf 86' lang='lat' dir='ltr'><strong>sore,</strong></span> <span class='ocrx_word' id='word_1_71' title='bbox 1243 2097 1280 2148; x_wconf 92' lang='lat' dir='ltr'><strong>ut</strong></span> <span class='ocrx_word' id='word_1_72' title='bbox 1301 2097 1333 2146; x_wconf 93' lang='lat' dir='ltr'><strong>et</strong></span> <span class='ocrx_word' id='word_1_73' title='bbox 1353 2081 1485 2148; x_wconf 88' lang='lat' dir='ltr'><strong>bellico·</strong></span> 
     </span>
     <span class='ocr_line' id='line_1_12' title="bbox 544 2199 1486 2291; baseline 0 -23"><span class='ocrx_word' id='word_1_74' title='bbox 544 2204 606 2268; x_wconf 87' lang='lat' dir='ltr'><strong>sior</strong></span> <span class='ocrx_word' id='word_1_75' title='bbox 634 2205 787 2268; x_wconf 85' lang='lat' dir='ltr'><strong>exercitus</strong></span> <span class='ocrx_word' id='word_1_76' title='bbox 813 2219 912 2286; x_wconf 88' lang='lat' dir='ltr'><strong>esset,</strong></span> <span class='ocrx_word' id='word_1_77' title='bbox 939 2220 972 2267; x_wconf 91' lang='lat' dir='ltr'><strong>et</strong></span> <span class='ocrx_word' id='word_1_78' title='bbox 992 2201 1100 2267; x_wconf 90' lang='lat' dir='ltr'><strong>melior</strong></span> <span class='ocrx_word' id='word_1_79' title='bbox 1120 2199 1283 2291; x_wconf 86' lang='lat' dir='ltr'><strong>disciplina</strong></span> <span class='ocrx_word' id='word_1_80' title='bbox 1308 2200 1486 2268; x_wconf 79' lang='lat' dir='ltr'><strong>haberetur.</strong></span> 
     </span>
     <span class='ocr_line' id='line_1_13' title="bbox 545 2320 1487 2412; baseline 0 -26"><span class='ocrx_word' id='word_1_81' title='bbox 545 2322 649 2408; x_wconf 86' lang='lat' dir='ltr'><strong>Hujus</strong></span> <span class='ocrx_word' id='word_1_82' title='bbox 676 2323 749 2388; x_wconf 89' lang='lat' dir='ltr'><strong>novi</strong></span> <span class='ocrx_word' id='word_1_83' title='bbox 772 2321 910 2388; x_wconf 89' lang='lat' dir='ltr'><strong>delectus</strong></span> <span class='ocrx_word' id='word_1_84' title='bbox 935 2337 1086 2412; x_wconf 84' lang='lat' dir='ltr'><strong>opetum</strong></span> <span class='ocrx_word' id='word_1_85' title='bbox 1106 2322 1187 2388; x_wconf 90' lang='lat' dir='ltr'><strong>bene</strong></span> <span class='ocrx_word' id='word_1_86' title='bbox 1209 2345 1316 2388; x_wconf 88' lang='lat' dir='ltr'><strong>omnes</strong></span> <span class='ocrx_word' id='word_1_87' title='bbox 1335 2320 1436 2386; x_wconf 87' lang='lat' dir='ltr'><strong>aditus</strong></span> <span class='ocrx_word' id='word_1_88' title='bbox 1453 2324 1487 2386; x_wconf 90' lang='lat' dir='ltr'><strong>in</strong></span> 
     </span>
     <span class='ocr_line' id='line_1_14' title="bbox 543 2441 1486 2533; baseline 0 -27"><span class='ocrx_word' id='word_1_89' title='bbox 543 2441 674 2507; x_wconf 81' lang='lat' dir='ltr'><strong>Frisium</strong></span> <span class='ocrx_word' id='word_1_90' title='bbox 690 2443 805 2506; x_wconf 89' lang='lat' dir='ltr'><strong>muniti</strong></span> <span class='ocrx_word' id='word_1_91' title='bbox 824 2457 917 2526; x_wconf 92' lang='lat' dir='ltr'><strong>sunt,</strong></span> <span class='ocrx_word' id='word_1_92' title='bbox 935 2459 971 2506; x_wconf 93' lang='lat' dir='ltr'><strong>ut</strong></span> <span class='ocrx_word' id='word_1_93' title='bbox 990 2443 1107 2506; x_wconf 89' lang='lat' dir='ltr'><strong>etiamsi</strong></span> <span class='ocrx_word' id='word_1_94' title='bbox 1124 2441 1234 2506; x_wconf 87' lang='lat' dir='ltr'><strong>hiemis</strong></span> <span class='ocrx_word' id='word_1_95' title='bbox 1250 2442 1397 2533; x_wconf 85' lang='lat' dir='ltr'><strong>asperitas</strong></span> <span class='ocrx_word' id='word_1_96' title='bbox 1409 2441 1486 2507; x_wconf 92' lang='lat' dir='ltr'><strong>bos-</strong></span> 
     </span>
     <span class='ocr_line' id='line_1_15' title="bbox 545 2561 1486 2648; baseline 0.002 -22"><span class='ocrx_word' id='word_1_97' title='bbox 545 2563 626 2626; x_wconf 92' lang='lat' dir='ltr'><strong>tium</strong></span> <span class='ocrx_word' id='word_1_98' title='bbox 644 2562 874 2629; x_wconf 83' lang='lat' dir='ltr'><strong>incursionibus</strong></span> <span class='ocrx_word' id='word_1_99' title='bbox 893 2561 1026 2645; x_wconf 81' lang='lat' dir='ltr'><strong>faveret,</strong></span> <span class='ocrx_word' id='word_1_100' title='bbox 1047 2578 1152 2628; x_wconf 88' lang='lat' dir='ltr'><strong>tamen</strong></span> <span class='ocrx_word' id='word_1_101' title='bbox 1171 2561 1250 2626; x_wconf 90' lang='lat' dir='ltr'><strong>nihil</strong></span> <span class='ocrx_word' id='word_1_102' title='bbox 1269 2562 1395 2648; x_wconf 86' lang='lat' dir='ltr'><strong>nujoris</strong></span> <span class='ocrx_word' id='word_1_103' title='bbox 1413 2585 1486 2628; x_wconf 90' lang='lat' dir='ltr'><strong>mo-</strong></span> 
     </span>
    </p>
   </div>
   <div class='ocr_carea' id='block_1_3' title="bbox 545 2673 1487 2772">
    <p class='ocr_par' dir='ltr' id='par_1_3' title="bbox 545 2673 1487 2772">
     <span class='ocr_line' id='line_1_16' title="bbox 545 2673 1487 2772; baseline -0.002 -24"><span class='ocrx_word' id='word_1_104' title='bbox 545 2683 646 2748; x_wconf 89' lang='lat' dir='ltr'><strong>menti</strong></span> <span class='ocrx_word' id='word_1_105' title='bbox 667 2684 731 2748; x_wconf 82' lang='lat' dir='ltr'><strong>ausi</strong></span> <span class='ocrx_word' id='word_1_106' title='bbox 754 2681 882 2750; x_wconf 83' lang='lat' dir='ltr'><strong>suerint.</strong></span> <span class='ocrx_word' id='word_1_107' title='bbox 941 2683 1101 2771; x_wconf 84' lang='lat' dir='ltr'><strong>Quocirca</strong></span> <span class='ocrx_word' id='word_1_108' title='bbox 1124 2707 1168 2747; x_wconf 90' lang='lat' dir='ltr'><strong>m.</strong></span> <span class='ocrx_word' id='word_1_109' title='bbox 1191 2681 1395 2772; x_wconf 88' lang='lat' dir='ltr'><strong>Septembri,</strong></span> <span class='ocrx_word' id='word_1_110' title='bbox 1418 2673 1487 2746; x_wconf 70' lang='lat' dir='ltr'><strong>‘ruta</strong></span> 
     </span>
    </p>
   </div>
   <div class='ocr_carea' id='block_1_4' title="bbox 541 2798 1556 4214">
    <p class='ocr_par' dir='ltr' id='par_1_4' title="bbox 541 2798 1556 4214">
     <span class='ocr_line' id='line_1_17' title="bbox 541 2798 1486 2892; baseline 0 -26"><span class='ocrx_word' id='word_1_111' title='bbox 541 2803 610 2888; x_wconf 87' lang='lat' dir='ltr'><strong>jam</strong></span> <span class='ocrx_word' id='word_1_112' title='bbox 623 2801 694 2866; x_wconf 89' lang='lat' dir='ltr'><strong>satis</strong></span> <span class='ocrx_word' id='word_1_113' title='bbox 712 2802 752 2865; x_wconf 88' lang='lat' dir='ltr'><strong>ab</strong></span> <span class='ocrx_word' id='word_1_114' title='bbox 771 2799 874 2866; x_wconf 88' lang='lat' dir='ltr'><strong>hostili</strong></span> <span class='ocrx_word' id='word_1_115' title='bbox 892 2798 1070 2892; x_wconf 85' lang='lat' dir='ltr'><strong>direptione</strong></span> <span class='ocrx_word' id='word_1_116' title='bbox 1088 2802 1190 2884; x_wconf 69' lang='lat' dir='ltr'><strong>terra,</strong></span> <span class='ocrx_word' id='word_1_117' title='bbox 1209 2799 1327 2866; x_wconf 89' lang='lat' dir='ltr'><strong>bellum</strong></span> <span class='ocrx_word' id='word_1_118' title='bbox 1339 2802 1486 2868; x_wconf 88' lang='lat' dir='ltr'><strong>Grouin-</strong></span> 
     </span>
     <span class='ocr_line' id='line_1_18' title="bbox 545 2919 1485 3010; baseline -0.002 -24"><span class='ocrx_word' id='word_1_119' title='bbox 545 2946 616 3007; x_wconf 81' lang='lat' dir='ltr'><strong>gam</strong></span> <span class='ocrx_word' id='word_1_120' title='bbox 635 2944 757 2988; x_wconf 86' lang='lat' dir='ltr'><strong>movere</strong></span> <span class='ocrx_word' id='word_1_121' title='bbox 778 2922 895 2986; x_wconf 88' lang='lat' dir='ltr'><strong>statuit.</strong></span> <span class='ocrx_word' id='word_1_122' title='bbox 940 2922 1046 2988; x_wconf 88' lang='lat' dir='ltr'><strong>Noctu</strong></span> <span class='ocrx_word' id='word_1_123' title='bbox 1065 2921 1179 2986; x_wconf 91' lang='lat' dir='ltr'><strong>emittit</strong></span> <span class='ocrx_word' id='word_1_124' title='bbox 1201 2919 1332 3004; x_wconf 83' lang='lat' dir='ltr'><strong>milites,</strong></span> <span class='ocrx_word' id='word_1_125' title='bbox 1351 2921 1408 3010; x_wconf 86' lang='lat' dir='ltr'><strong>qui</strong></span> <span class='ocrx_word' id='word_1_126' title='bbox 1427 2945 1485 2984; x_wconf 86' lang='lat' dir='ltr'><strong>ex-</strong></span> 
     </span>
     <span class='ocr_line' id='line_1_19' title="bbox 546 3038 1556 3133; baseline 0 -27"><span class='ocrx_word' id='word_1_127' title='bbox 546 3041 711 3106; x_wconf 88' lang='lat' dir='ltr'><strong>cubiarum</strong></span> <span class='ocrx_word' id='word_1_128' title='bbox 739 3042 803 3106; x_wconf 82' lang='lat' dir='ltr'><strong>vim</strong></span> <span class='ocrx_word' id='word_1_129' title='bbox 825 3057 857 3106; x_wconf 87' lang='lat' dir='ltr'><strong>et</strong></span> <span class='ocrx_word' id='word_1_130' title='bbox 878 3038 1062 3106; x_wconf 83' lang='lat' dir='ltr'><strong>intermedia</strong></span> <span class='ocrx_word' id='word_1_131' title='bbox 1082 3040 1149 3108; x_wconf 88' lang='lat' dir='ltr'><strong>loca</strong></span> <span class='ocrx_word' id='word_1_132' title='bbox 1177 3040 1389 3133; x_wconf 88' lang='lat' dir='ltr'><strong>speculentm·.</strong></span> <span class='ocrx_word' id='word_1_133' title='bbox 1444 3041 1486 3106; x_wconf 89' lang='lat' dir='ltr'><strong>Hi</strong></span> <span class='ocrx_word' id='word_1_134' title='bbox 1540 3117 1556 3130; x_wconf 83' lang='lat'><em>.</em></span> 
     </span>
     <span class='ocr_line' id='line_1_20' title="bbox 545 3149 1487 3253; baseline 0 -27"><span class='ocrx_word' id='word_1_135' title='bbox 545 3162 617 3226; x_wconf 88' lang='lat' dir='ltr'><strong>satis</strong></span> <span class='ocrx_word' id='word_1_136' title='bbox 632 3149 1014 3253; x_wconf 58' lang='lat' dir='ltr'><strong>magnum&#39;vallispetium</strong></span> <span class='ocrx_word' id='word_1_137' title='bbox 1024 3160 1221 3250; x_wconf 87' lang='lat' dir='ltr'><strong>praesidiario</strong></span> <span class='ocrx_word' id='word_1_138' title='bbox 1241 3161 1338 3226; x_wconf 91' lang='lat' dir='ltr'><strong>milite</strong></span> <span class='ocrx_word' id='word_1_139' title='bbox 1361 3159 1487 3227; x_wconf 89' lang='lat' dir='ltr'><strong>nudum</strong></span> 
     </span>
     <span class='ocr_line' id='line_1_21' title="bbox 545 3263 1486 3372; baseline 0.003 -29"><span class='ocrx_word' id='word_1_140' title='bbox 545 3280 729 3364; x_wconf 87' lang='lat' dir='ltr'><strong>inveniunt,</strong></span> <span class='ocrx_word' id='word_1_141' title='bbox 747 3283 789 3348; x_wconf 86' lang='lat' dir='ltr'><strong>itu</strong></span> <span class='ocrx_word' id='word_1_142' title='bbox 808 3298 844 3346; x_wconf 93' lang='lat' dir='ltr'><strong>ut</strong></span> <span class='ocrx_word' id='word_1_143' title='bbox 857 3297 905 3346; x_wconf 88' lang='lat' dir='ltr'><strong>ter</strong></span> <span class='ocrx_word' id='word_1_144' title='bbox 917 3296 1065 3372; x_wconf 63' lang='lat' dir='ltr'><strong>quaterue</strong></span> <span class='ocrx_word' id='word_1_145' title='bbox 1077 3283 1268 3348; x_wconf 67' lang='lat' dir='ltr'><strong>transnanti</strong></span> <span class='ocrx_word' id='word_1_146' title='bbox 1281 3282 1347 3346; x_wconf 90' lang='lat' dir='ltr'><strong>sine</strong></span> <span class='ocrx_word' id='word_1_147' title='bbox 1359 3263 1486 3348; x_wconf 81' lang='lat' dir='ltr'><strong>viciniae</strong></span> 
     </span>
     <span class='ocr_line' id='line_1_22' title="bbox 547 3385 1486 3492; baseline 0.002 -28"><span class='ocrx_word' id='word_1_148' title='bbox 547 3423 672 3466; x_wconf 82' lang='lat' dir='ltr'><strong>rumore</strong></span> <span class='ocrx_word' id='word_1_149' title='bbox 690 3401 789 3484; x_wconf 67' lang='lat' dir='ltr'><strong>fosse,</strong></span> <span class='ocrx_word' id='word_1_150' title='bbox 810 3399 897 3466; x_wconf 73' lang='lat' dir='ltr'><strong>facile</strong></span> <span class='ocrx_word' id='word_1_151' title='bbox 916 3399 1181 3468; x_wconf 88' lang='lat' dir='ltr'><strong>admunitionem</strong></span> <span class='ocrx_word' id='word_1_152' title='bbox 1199 3403 1362 3492; x_wconf 86' lang='lat' dir='ltr'><strong>obrepant.</strong></span> <span class='ocrx_word' id='word_1_153' title='bbox 1406 3385 1486 3468; x_wconf 79' lang='lat' dir='ltr'><strong>Rem</strong></span> 
     </span>
     <span class='ocr_line' id='line_1_23' title="bbox 544 3519 1488 3607; baseline 0.005 -24"><span class='ocrx_word' id='word_1_154' title='bbox 544 3519 690 3586; x_wconf 69' lang='lat' dir='ltr'><strong>»referunt</strong></span> <span class='ocrx_word' id='word_1_155' title='bbox 713 3520 900 3605; x_wconf 90' lang='lat' dir='ltr'><strong>Guilielmo,</strong></span> <span class='ocrx_word' id='word_1_156' title='bbox 923 3523 974 3587; x_wconf 88' lang='lat' dir='ltr'><strong>eui</strong></span> <span class='ocrx_word' id='word_1_157' title='bbox 991 3545 1031 3586; x_wconf 77' lang='lat' dir='ltr'><strong>ex</strong></span> <span class='ocrx_word' id='word_1_158' title='bbox 1050 3537 1116 3588; x_wconf 91' lang='lat' dir='ltr'><strong>toto</strong></span> <span class='ocrx_word' id='word_1_159' title='bbox 1133 3523 1255 3607; x_wconf 82' lang='lat' dir='ltr'><strong>agmine</strong></span> <span class='ocrx_word' id='word_1_160' title='bbox 1274 3537 1404 3590; x_wconf 88' lang='lat' dir='ltr'><strong>centum</strong></span> <span class='ocrx_word' id='word_1_161' title='bbox 1418 3521 1488 3607; x_wconf 80' lang='lat' dir='ltr'><strong>eligi</strong></span> 
     </span>
     <span class='ocr_line' id='line_1_24' title="bbox 548 3638 1484 3731; baseline 0.001 -26"><span class='ocrx_word' id='word_1_162' title='bbox 548 3638 689 3730; x_wconf 82' lang='lat' dir='ltr'><strong>placuit,</strong></span> <span class='ocrx_word' id='word_1_163' title='bbox 710 3639 841 3710; x_wconf 81' lang='lat' dir='ltr'><strong>natandi</strong></span> <span class='ocrx_word' id='word_1_164' title='bbox 860 3641 933 3706; x_wconf 86' lang='lat' dir='ltr'><strong>artis</strong></span> <span class='ocrx_word' id='word_1_165' title='bbox 954 3641 1162 3731; x_wconf 82' lang='lat' dir='ltr'><strong>peritissimos.</strong></span> <span class='ocrx_word' id='word_1_166' title='bbox 1201 3639 1355 3722; x_wconf 85' lang='lat' dir='ltr'><strong>Mandat,</strong></span> <span class='ocrx_word' id='word_1_167' title='bbox 1376 3657 1412 3706; x_wconf 90' lang='lat' dir='ltr'><strong>ut</strong></span> <span class='ocrx_word' id='word_1_168' title='bbox 1433 3658 1484 3706; x_wconf 86' lang='lat' dir='ltr'><strong>te-</strong></span> 
     </span>
     <span class='ocr_line' id='line_1_25' title="bbox 546 3757 1485 3855; baseline 0.006 -33"><span class='ocrx_word' id='word_1_169' title='bbox 546 3757 584 3822; x_wconf 90' lang='lat' dir='ltr'><strong>lis</strong></span> <span class='ocrx_word' id='word_1_170' title='bbox 606 3761 757 3850; x_wconf 88' lang='lat' dir='ltr'><strong>omnique</strong></span> <span class='ocrx_word' id='word_1_171' title='bbox 784 3761 1065 3828; x_wconf 85' lang='lat' dir='ltr'><strong>instrumentorum</strong></span> <span class='ocrx_word' id='word_1_172' title='bbox 1091 3778 1263 3854; x_wconf 86' lang='lat' dir='ltr'><strong>apparatu,</strong></span> <span class='ocrx_word' id='word_1_173' title='bbox 1289 3764 1412 3855; x_wconf 85' lang='lat' dir='ltr'><strong>quibus</strong></span> <span class='ocrx_word' id='word_1_174' title='bbox 1433 3761 1485 3828; x_wconf 86' lang='lat' dir='ltr'><strong>el-</strong></span> 
     </span>
     <span class='ocr_line' id='line_1_26' title="bbox 546 3876 1483 3971; baseline 0.006 -31"><span class='ocrx_word' id='word_1_175' title='bbox 546 3876 643 3963; x_wconf 82' lang='lat' dir='ltr'><strong>fringi</strong></span> <span class='ocrx_word' id='word_1_176' title='bbox 663 3881 801 3944; x_wconf 88' lang='lat' dir='ltr'><strong>urbanae</strong></span> <span class='ocrx_word' id='word_1_177' title='bbox 824 3897 932 3971; x_wconf 87' lang='lat' dir='ltr'><strong>portae</strong></span> <span class='ocrx_word' id='word_1_178' title='bbox 954 3879 1075 3966; x_wconf 84' lang='lat' dir='ltr'><strong>solent,</strong></span> <span class='ocrx_word' id='word_1_179' title='bbox 1099 3880 1267 3966; x_wconf 89' lang='lat' dir='ltr'><strong>adhibitis,</strong></span> <span class='ocrx_word' id='word_1_180' title='bbox 1291 3884 1405 3948; x_wconf 87' lang='lat' dir='ltr'><strong>urbem</strong></span> <span class='ocrx_word' id='word_1_181' title='bbox 1429 3884 1483 3946; x_wconf 89' lang='lat' dir='ltr'><strong>in-</strong></span> 
     </span>
     <span class='ocr_line' id='line_1_27' title="bbox 548 3993 1483 4092; baseline 0.004 -30"><span class='ocrx_word' id='word_1_182' title='bbox 548 3993 672 4064; x_wconf 85' lang='lat' dir='ltr'><strong>vadant.</strong></span> <span class='ocrx_word' id='word_1_183' title='bbox 727 3997 919 4067; x_wconf 74' lang='lat' dir='ltr'><strong>adsutum</strong></span> <span class='ocrx_word' id='word_1_184' title='bbox 942 3999 1027 4066; x_wconf 91' lang='lat' dir='ltr'><strong>diem</strong></span> <span class='ocrx_word' id='word_1_185' title='bbox 1048 4026 1155 4068; x_wconf 90' lang='lat' dir='ltr'><strong>omnes</strong></span> <span class='ocrx_word' id='word_1_186' title='bbox 1176 4003 1260 4088; x_wconf 85' lang='lat' dir='ltr'><strong>viae,</strong></span> <span class='ocrx_word' id='word_1_187' title='bbox 1289 4027 1370 4092; x_wconf 86' lang='lat' dir='ltr'><strong>quae</strong></span> <span class='ocrx_word' id='word_1_188' title='bbox 1395 4004 1483 4069; x_wconf 87' lang='lat' dir='ltr'><strong>Gro-</strong></span> 
     </span>
     <span class='ocr_line' id='line_1_28' title="bbox 549 4117 1485 4214; baseline 0.005 -33"><span class='ocrx_word' id='word_1_189' title='bbox 549 4117 674 4203; x_wconf 78' lang='lat' dir='ltr'><strong>uin&#39;gatn</strong></span> <span class='ocrx_word' id='word_1_190' title='bbox 695 4142 713 4184; x_wconf 89' lang='lat' dir='ltr'><strong>e</strong></span> <span class='ocrx_word' id='word_1_191' title='bbox 734 4120 828 4204; x_wconf 80' lang='lat' dir='ltr'><strong>Frisia</strong></span> <span class='ocrx_word' id='word_1_192' title='bbox 852 4118 1009 4204; x_wconf 87' lang='lat' dir='ltr'><strong>tendunt,</strong></span> <span class='ocrx_word' id='word_1_193' title='bbox 1043 4120 1272 4188; x_wconf 85' lang='lat' dir='ltr'><strong>errstodiuntur.</strong></span> <span class='ocrx_word' id='word_1_194' title='bbox 1317 4124 1386 4214; x_wconf 88' lang='lat' dir='ltr'><strong>lpse</strong></span> <span class='ocrx_word' id='word_1_195' title='bbox 1412 4145 1485 4188; x_wconf 90' lang='lat' dir='ltr'><strong>cum</strong></span> 
     </span>
    </p>
   </div>
   <div class='ocr_carea' id='block_1_5' title="bbox 0 0 1720 5666">
    <p class='ocr_par' dir='ltr' id='par_1_5' title="bbox 0 0 1720 5666">
     <span class='ocr_line' id='line_1_29' title="bbox 0 0 1720 5666; baseline 0 0"><span class='ocrx_word' id='word_1_196' title='bbox 0 0 1720 5666; x_wconf 95' lang='lat' dir='ltr'><strong> </strong></span> 
     </span>
    </p>
   </div>
  </div>
 </body>
</html>
