3456 5676
1008 955 1076 1020 2:30¹

610 1131 834 1220 Properantem
853 1126 893 1192 ad
913 1127 1012 1192 finem
1034 1131 1205 1194 orationem
1224 1129 1515 1222 retardenmspauu

566 1248 661 1341 disper
683 1267 714 1314 et
736 1247 931 1314 instituendi
958 1250 1188 1339 comparatione
1221 1249 1413 1316 absolvamus
1432 1276 1514 1342 pos-i

515 1399 520 1410 ·
569 1385 704 1433 tremum
729 1368 791 1434 hnc
820 1367 861 1434 de
886 1366 1046 1452 Guilielmi
1070 1366 1222 1434 Ludovici
1253 1371 1371 1434 meritis
1404 1387 1510 1461 caput.

476 1525 478 1530 ·
566 1489 659 1555 Illum
683 1491 769 1554 enim
792 1491 817 1554 si
841 1514 914 1555 eum
930 1488 1045 1554 'ceteris
1083 1513 1121 1552 ex
1153 1505 1245 1574 gente
1276 1491 1415 1556 Nassavia
1447 1490 1509 1554 he-

566 1611 675 1674 roibus
698 1607 886 1691 contuleris,
909 1609 1052 1698 patebit,
1076 1625 1180 1698 neque
1205 1610 1233 1672 ei
1255 1607 1404 1692 defuisse,
1430 1635 1511 1699 quae

566 1729 599 1792 in
619 1727 746 1813 singulis
766 1725 936 1790 admiratus
946 1727 985 1791 sis
999 1743 1051 1810 ‚et
1067 1727 1187 1793 affuisse
1200 1777 1210 1810 ,
1224 1752 1305 1818 quae
1320 1730 1354 1793 in
1364 1730 1517 1794 omnibus

566 1871 631 1913 uon
651 1848 769 1938 pariter
788 1847 952 1912 inveneris.
989 1847 1038 1912 Ate
1057 1870 1136 1915 vern
1153 1873 1219 1939 quo
1237 1847 1359 1938 plenius
1372 1847 1413 1913 de
1425 1875 1508 1941 pro-

565 1969 633 2062 pria
658 1969 724 2057 ejus
751 1983 862 2031 natura
884 1967 1096 2050 existimetur,
1120 1968 1228 2058 paucis
1249 1992 1413 2034 eumcum
1434 1972 1509 2034 Lu-

564 2087 677 2154 dnvien
695 2089 861 2171 Nassavi0‚
884 2103 1019 2178 patruo,
1046 2111 1271 2176 comparemus.
1315 2089 1428 2154 Fumat
1460 2087 1510 2153 ille

564 2232 654 2290 acer,
680 2225 846 2299 promtus,
870 2207 1058 2288 vehemens,
1081 2205 1136 2271 sed
1150 2208 1191 2270 ita
1204 2223 1295 2298 aptus
1317 2206 1429 2288 simul,
1452 2210 1513 2296 qui

561 2327 623 2395 hoe
658 2331 780 2420 impetu
808 2326 940 2394 naturali
978 2325 1183 2394 Gnilielmum
1208 2329 1359 2408 fratrem,
1388 2329 1511 2412 cogita-

560 2446 709 2541 bundum
741 2448 805 2513 fere
826 2464 857 2512 et
877 2445 1000 2513 consilia
1022 2446 1126 2512 animo
1155 2445 1331 2512 volventem
1362 2463 1393 2511 et
1423 2471 1508 2539 per-

561 2568 782 2664 pendentem,
823 2567 863 2634 ad
895 2565 1053 2654 agendum
1084 2567 1240 2632 excitaret.
1301 2568 1362 2632 Hie
1397 2585 1506 2632 contra

563 2689 748 2757 Guilielmus
778 2706 883 2756 noster
904 2689 985 2753 lenis.
1001 2687 1084 2769 suit,
1109 2685 1288 2777 placidique
1313 2687 1412 2750 animi
1436 2689 1504 2768 vir,

468 2847 473 2864 ι
560 2826 591 2874 et
612 2808 671 2874 hac
692 2810 726 2871 in
747 2832 781 2872 re
804 2808 1039 2873 Arausionensis
1073 2806 1222 2891 similior3
1260 2803 1313 2870 sed
1336 2803 1420 2871 idem
1438 2807 1507 2872 hae

560 2931 626 3017 ipsa
655 2944 686 2992 et
717 2927 842 2991 lenitate
870 2943 902 2992 et
935 2927 1129 2991 humanitate
1164 2943 1196 2992 et
1228 2939 1301 2993 vero
1336 2927 1505 3018 prudentia

561 3073 596 3112 ae
625 3045 824 3112 consiliorum
847 3047 1025 3112 maturitate
1058 3070 1140 3112 unus
1171 3048 1204 3110 in
1227 3049 1333 3138 paneis
1357 3045 1508 3130 idoneus,

562 3169 620 3256 qui
644 3169 798 3257 impetum
817 3167 977 3249 Mauritii,
1004 3169 1029 3230 si
1047 3167 1116 3256 quis
1139 3165 1234 3249 alius,
1266 3164 1448 3231 retunderet
1469 3194 1506 3234 ac
1556 3239 1558 3246 ,

560 3285 774 3354 moderaretur
802 3287 854 3352 (Ι).
908 3287 950 3351 Et
972 3285 1116 3377 profecto
1138 3287 1164 3350 si
1188 3287 1353 3352 Mauritius
1379 3289 1444 3372 regi
1471 3311 1511 3352 se»

560 3537 675 3606 Eysinga
701 3556 750 3589 eeu
775 3538 951 3605 rodevoering
971 3537 1040 3588 daed
1063 3541 1103 3590 uit
1123 3557 1200 3590 name
1220 3540 1269 3590 der
1291 3540 1419 3601 Stanten,
1439 3557 1501 3606 seg-

559 3629 663 3698 gende,
683 3631 733 3680 dat
756 3631 858 3680 nadien
882 3628 998 3680 Willem
1015 3630 1150 3680 Ludwieh
1167 3623 1503 3699 hongloffilp'kermemo-

562 3721 602 3771 rie
623 3721 655 3770 de
683 3719 807 3770 Weerelt
833 3719 976 3769 overleden
1007 3735 1083 3782 was,
1112 3727 1157 3768 tot
1174 3727 1259 3787 groot
1287 3719 1436 3768 leedweaen
1466 3737 1504 3771 en.

563 3807 631 3857 ‹Irnk
653 3796 701 3857 der
718 3807 852 3867 Lancien,
872 3825 906 3856 en
929 3807 981 3856 dat
1001 3807 1142 3856 daardoor
1162 3807 1269 3857 deselve
1289 3806 1417 3856 ontbleot
1437 3825 1502 3856 wa-

559 3915 608 3946 ren
628 3913 683 3944 van
705 3895 792 3944 haren
812 3902 974 3964 gerronwen
1000 3899 1197 3958 Gouverneur,
1226 3895 1341 3946 walkers
1358 3895 1500 3946 diensten-

562 3983 600 4051 bij
621 3987 671 4036 den
693 3985 789 4036 Lande
805 3984 934 4051 geduan,
964 3986 1000 4050 aij
1029 3985 1125 4035 [uiden
1153 3987 1182 4036 in
1201 3986 1347 4054 geduirige
1364 3985 1503 4052 gedagte-

559 4076 633 4124 nisse
650 4091 707 4122 vnn
723 4089 886 4122 voornemen
903 4090 995 4123 waren
1014 4082 1042 4123 te
1058 4073 1164 4124 houden
1185 4089 1260 4124 enza

596 4165 636 4230 (ι)
658 4159 722 4211 vn.
753 4159 942 4228 Siegenbeekii
968 4162 1127 4228 Disputatio
1147 4161 1180 4213 de
1203 4160 1344 4216 liudovico
1369 4159 1505 4216 Nassavioe

560 4251 755 4322 ffluemoqne.
775 4248 847 4303 Stuk
871 4250 954 4317 XV).
