3408 5664
642 959 712 1042 ns

195 1133 289 1202 batur
310 1135 431 1202 animus
453 1131 492 1202 ad
514 1129 658 1200 sublimes
682 1131 723 1198 cle
745 1131 853 1201 divino
872 1135 1009 1202 Numine
1024 1137 1133 1202 niaxi-

192 1275 307 1344 maque
338 1255 405 1339 ejus
429 1275 536 1316 rerum
560 1249 770 1316 humanarum
799 1275 873 1318 cura
897 1271 1002 1317 sensns
1026 1252 1132 1343 perci-

192 1368 347 1463 piendos3
372 1393 510 1460 eosque,
533 1367 589 1434 ubi
612 1391 650 1434 cx
663 1367 793 1460 ephebis
818 1370 967 1453 excessit,
990 1371 1056 1461 ipsa
1080 1395 1133 1435 ra-

191 1487 283 1554 tionis
304 1489 398 1554 viset
421 1488 672 1564 Arausionensis,
696 1491 786 1576 cujus
806 1490 840 1554 in
857 1487 1056 1582 disciplinam
1067 1505 1134 1556 tra-

190 1605 350 1690 debatur,
383 1606 522 1675 salutaria
543 1622 711 1698 praecepta
736 1605 924 1673 confirmare
949 1623 1135 1700 coeperunt.

192 1727 305 1818 Neque
332 1751 405 1794 vero
428 1728 607 1820 provectior
638 1726 783 1792 exstinxit
808 1741 905 1807 aetas,
937 1751 1017 1818 quae
1042 1751 1140 1818 supc-

189 1849 255 1914 rior
279 1863 481 1938 conceperat,
505 1845 560 1912 sed
583 1870 680 1936 quarn
702 1845 834 1912 maxime
856 1845 931 1912 aluit
951 1861 983 1910 et
1004 1845 1139 1912 excoluit

191 1965 224 2032 et
249 1991 322 2033 veto
347 1969 388 2032 ita
418 1967 650 2049 corroboravit,
674 1980 709 2030 ut
735 1962 860 2032 eosdem
881 1989 1055 2057 propagare
1079 1989 1138 2056 per

192 2088 307 2154 Frisiae
336 2088 580 2177 Groningaeque
608 2086 747 2171 regiones
771 2109 837 2151 non
859 2083 974 2150 frustra
1003 2083 1136 2152 studue-

189 2207 244 2272 rit.
291 2207 423 2273 Summo
443 2229 532 2272 verae
554 2203 715 2272 doctrinae
745 2228 847 2272 sacrae
879 2203 1054 2272 ducebatur
1085 2231 1138 2270 ar-

188 2324 290 2406 dore,
316 2343 347 2392 et
365 2347 469 2414 quum
496 2323 535 2390 ad
562 2324 690 2391 aliarum
714 2325 878 2412 regionum
902 2323 1082 2418 exemplum
1103 2327 1135 2392 in

190 2445 288 2511 Frisia
323 2446 437 2511 sensim
471 2445 750 2512 controversiarum
798 2445 915 2510 semina
954 2447 1138 2530 orirentur,

192 2565 397 2658 praecipuam
416 2587 523 2632 curam
547 2563 677 2646 habuit,
701 2587 740 2630 ne
760 2562 878 2631 radices
898 2580 1033 2650 agerent.
1056 2565 1138 2632 Nam

192 2681 313 2776 duplex
338 2707 376 2750 cx
404 2684 555 2777 perversis
578 2681 618 2748 dc
645 2675 800 2769 'religione
832 2683 1033 2775 opinionibus
1066 2707 1137 2750 ma·

193 2800 264 2867 lum
288 2803 525 2878 extimescebat,
550 2827 623 2868 cum
636 2825 676 2866 ne
689 2799 890 2868 domesticam
908 2802 1046 2892 quietem
1061 2827 1139 2895 per·

194 2921 382 3004 turbarent,
416 2937 485 2987 tum
514 2946 649 2989 verone
672 2922 705 2987 in
725 2945 826 2988 mores
850 2924 988 3007 abirent,
1025 2923 1140 3014 quibus

192 3043 339 3108 intimam
360 3043 514 3108 statuebat
539 3067 613 3108 cunr
635 3041 782 3128 religione
802 3039 996 3108 intercedere
1027 3065 1137 3109 neces-

191 3160 376 3228 situdinem.
423 3161 517 3228 Sacra
540 3159 724 3250 frequenter
750 3159 875 3243 adibat,
911 3163 1058 3226 utebatur
1087 3185 1137 3226 sa·-

189 3281 385 3362 eramentis,
409 3279 686 3347 ecclesiasticorum
707 3279 902 3345 sermonibus
924 3279 1062 3365 religiose
1083 3279 1137 3344 in-

193 3419 308 3468 teresse
337 3399 473 3482 solebat,
508 3415 608 3492 utqnc
627 3421 667 3464 nc
687 3421 819 3491 precum
843 3397 1043 3490 publicatum
1066 3400 1137 3491 pri-

193 3537 401 3610 vatarumque
444 3518 648 3608 negligentior
681 3543 698 3584 a
732 3519 793 3584 suis
829 3519 907 3585 ratio
947 3517 1138 3602 baberetur,
1201 3596 1207 3605 Ι

192 3638 342 3731 exemplo
360 3637 461 3705 effecit
481 3661 546 3704 sno.
576 3637 702 3722 Verbo,
726 3633 869 3704 divinum
892 3636 1012 3704 cultum
1035 3637 1137 3702 maxi-

158 3823 161 3830 .
195 3761 251 3826 md
285 3760 458 3826 reverentia
490 3758 750 3851 prosequebatur.
801 3756 952 3824 Abessea
977 3781 1030 3822 sua
1056 3779 1136 3824 con-

190 3877 362 3947 suetudine
402 3880 546 3966 jubens,
604 3897 812 3968 quoscunque
858 3877 897 3942 ab
941 3875 1137 3960 orthodoxa,

195 4025 296 4092 quam
317 3999 426 4086 ajunt,
449 3996 594 4084 religione
616 3996 747 4080 alienos,
784 4011 838 4061 aut
858 3992 986 4082 frigidos
1009 3993 1048 4062 ad
1071 4020 1138 4062 eam

198 4120 418 4205 cognovisset,
462 4115 586 4210 piaculo
620 4115 758 4182 habebat
787 4137 914 4198 omnes,
957 4114 1014 4205 qni
1048 4113 1136 4180 deri-

198 4237 278 4304 dere
303 4262 370 4333 rem
394 4259 531 4318 sacram,
566 4236 728 4327 ipsamque
752 4236 811 4303 Dei
831 4235 1025 4320 majestatem
1049 4229 1136 4298 ludi-

941 4353 979 4416 l2
991 4353 1007 4388 *
