3408 5664
636 1010 641 1021 .
725 929 785 996 trs

282 1103 373 1172 Breii
408 1127 481 1172 cum
523 1102 646 1194 reliquo
684 1103 805 1191 agmine
842 1097 952 1170 eodem
987 1103 1052 1196 ipse
1086 1115 1223 1168 couten-

282 1221 351 1310 dit,
405 1222 520 1314 dieque
556 1227 594 1294 15
629 1221 781 1314 Quintilis
812 1222 973 1292 celerrimo
1008 1221 1141 1306 itinere,
1163 1245 1218 1290 re·
1274 1225 1277 1233 '

279 1343 457 1413 liotoounr
482 1329 602 1433 idoneis
626 1344 723 1436 copiis
744 1340 784 1410 ad
806 1342 958 1412 Rhenum
980 1344 1120 1429 Bueoj0‚
1155 1339 1218 1408 ol-

282 1463 447 1534 deusaiiam
480 1479 583 1534 movet
613 1480 845 1556 expugnatque.
903 1461 983 1532 Inde
1005 1464 1138 1550 Liugam
1158 1485 1221 1556 pe-

282 1587 340 1670 tit,
364 1579 453 1678 ¹qtttse
484 1585 559 1652 item
580 1581 619 1650 ad
641 1581 836 1652 deditionem
861 1584 983 1650 transit.
1026 1584 1137 1674 Neque
1167 1597 1219 1648 ta-

279 1729 355 1776 men
384 1706 481 1776 otiose
520 1705 655 1772 Nassavii
692 1702 898 1772 considebant
933 1703 967 1772 in
1012 1703 1136 1770 eastris:
1182 1699 1221 1768 ad

189 1843 195 1860 ·
280 1847 362 1916 quoe
393 1841 430 1894 ut
461 1824 621 1894 hostilium
648 1840 793 1894 moturum
829 1823 909 1894 sema
938 1822 1096 1906 manavit,
1129 1822 1218 1890 exci-

280 1947 336 2026 tati
365 1946 469 2020 statim
494 1961 592 2030 sunt,
622 1941 787 2036 divisoque
810 1943 961 2012 trifariam
985 1941 1222 2026 exereitu„re-

276 2065 356 2142 listis
389 2063 536 2136 adversus
561 2061 766 2134 Fredericum
789 2066 995 2150 Bergeuaem,
1021 2059 1076 2154 qui
1099 2060 1220 2150 Spino-

233 2237 237 2248 .
278 2181 325 2260 lae
347 2186 380 2256 in
400 2183 546 2263 Elmdria
569 2183 674 2254 losum
699 2184 849 2268 tenebat,
877 2180 1062 2268 cohortibus
1083 2179 1224 2272 aliquot,
1303 2163 1308 2172 ⁸

278 2302 387 2390 fratres
416 2304 591 2380 Heut'ieutn
624 2301 827 2388 Frederioum
857 2319 891 2370 et
919 2291 1090 2375 Esnesturn
1130 2302 1220 2384 Caei-

277 2423 402 2505 mirum
424 2423 667 2503 Rhauobarcam
696 2445 866 2516 properare
895 2423 1036 2510 jubent,
1068 2422 1129 2514 ipsi
1154 2423 1221 2490 Da-
1319 2486 1326 2497 ,
1402 2424 1406 2435 '

277 2545 433 2624 enutriam
453 2567 552 2634 otram
581 2542 725 2621 maximis
755 2543 918 2622 itineribus
946 2557 1095 2634 pergunt.
1135 2541 1221 2614 Hine

280 2663 398 2750 nugae
428 2661 567 2743 artbsidip
602 2661 797 2748 devemus,
819 2668 914 2746 eece!
946 2676 1140 2754 expugnatae
1161 2685 1219 2726 ur-

179 2839 181 2846 .
278 2754 352 2867 bis‘,
373 2756 547 2874 raptaeque¹
570 2780 765 2852 Oldensaliae
787 2778 923 2850 nuncius
947 2781 1084 2850 affertur.
1108 2781 1223 2868 Ingens

277 2895 352 2966 iude
387 2901 533 2969 omnibus
567 2919 668 2970 terror
709 2903 870 2991 injectus,
912 2899 1092 2970 diuturnior
1132 2901 1219 2988 aliis,

275 3019 471 3087 brevissimus
500 3020 571 3088 belli
600 3020 754 3106 ducibus,
779 3023 836 3113 qui
861 3021 901 3087 ad
924 3024 1063 3113 quietem
1085 3046 1218 3114 compo-

275 3161 349 3206 nere
383 3137 521 3208 militum
545 3140 683 3225 animos,
706 3138 828 3206 assidui
854 3140 929 3208 ouri
955 3138 1121 3231 providere
1142 3160 1216 3211 mu-
1240 3118 1254 3149 μ

279 3242 474 3343 nitionibus,
508 3255 634 3327 firmare
667 3257 826 3351 praesidiis
858 3256 1070 3344 Covordium,
1105 3261 1217 3326 Borta-

278 3377 383 3462 niam,
405 3392 437 3442 et
460 3373 603 3444 Grollam
621 3374 823 3444 studuerunt.
857 3379 946 3447 Tum
967 3377 1112 3444 festinare
1131 3380 1217 3448 Gui-

277 3493 402 3564 lielmus'
420 3495 615 3584 Groningam
638 3521 712 3564 oum
733 3493 948 3583 duodeviginti
973 3497 1142 3580 centuriis,
1166 3521 1219 3563 sex
1291 3489 1294 3496 ’

275 3617 408 3702 turmis,
441 3617 570 3690 afflictae
593 3617 709 3686 civitati
732 3591 899 3710 suppetere
934 3615 1078 3703 consilia,
1109 3613 1216 3684 obfir-

278 3759 363 3803 mare
395 3737 510 3804 civium
540 3735 683 3817 animos,
703 3737 854 3804 excubiae
882 3751 920 3800 ut
946 3733 1112 3822 diligenter
1141 3759 1218 3822 age-

276 3873 408 3959 rentur,
441 3878 594 3924 mouere.⁴
621 3857 678 3923 His
716 3847 756 3921 it'a
791 3857 852 3957 rite
883 3856 1014 3948 pontis,
1047 3851 1140 3920 rediit
1176 3853 1215 3920 ad
1235 3937 1248 3963 .
1333 3912 1359 3941 ,,

155 4008 160 4016 ·
260 3973 450 4075 ¹patruelem
482 3973 630 4046 Covordii
666 3993 932 4060 eumprorautem,
965 3993 998 4045 et
1029 3992 1214 4066 exspeeten-
1282 3953 1312 4035 ὐ

280 4113 343 4164 tem
375 4093 521 4185 Spinolae
553 4094 745 4181 adventum,
778 4112 814 4163 ut
839 4097 962 4164 fortiter
986 4098 1013 4161 ei
1041 4097 1219 4178 resisteret,

278 4215 522 4310 prohihoretque
548 4214 717 4306 quominus
751 4215 895 4309 duriora
920 4215 1033 4282 Frisiae
1065 4212 1130 4281 loca
1161 4213 1215 4284 iu.-
