3454 5658
995 987 1038 1054 22

546 1161 629 1228 hoto
647 1185 705 1254 pcr
727 1157 802 1226 vada
824 1131 957 1242 ilinerc,
993 1158 1067 1224 urbi
1098 1173 1191 1224 nocte
1206 1158 1422 1249 supervenit,
1454 1173 1488 1224 et

547 1285 675 1372 captum
696 1279 922 1372 direptumque
940 1273 1146 1344 munimentis
1162 1275 1291 1344 vallavit.
1324 1275 1369 1344 Aa
1399 1275 1486 1344 Gui-
1538 1315 1543 1329 ·

546 1398 686 1483 licinius,
709 1414 867 1490 suspectos
882 1395 1102 1489 praesidiarios
1121 1397 1266 1480 babens,
1288 1395 1328 1462 ad
1350 1421 1485 1464 sevoca-

548 1519 614 1602 vit,
635 1519 798 1607 nouitque
821 1515 981 1601 custodia3
1015 1541 1089 1584 cum
1113 1541 1189 1584 vero
1207 1539 1280 1584 mox
1301 1532 1489 1610 appareret,

548 1661 652 1728 neque
680 1635 853 1731 perfidiae,
886 1660 991 1726 neque
1026 1633 1183 1704 socordiae
1214 1637 1251 1704 in
1278 1633 1401 1722 agendis
1426 1659 1489 1734 px-

551 1756 649 1827 cubiis
670 1779 740 1822 rem,
758 1778 822 1821 esse
843 1752 1066 1838 tribuendam,
1089 1754 1231 1822 liberarit
1253 1779 1312 1822 eos.
1356 1755 1489 1824 Exerci-

548 1890 598 1940 tus
629 1871 861 1942 foederatorum,
889 1897 962 1944 mox
988 1875 1022 1940 in
1044 1873 1176 1940 hiberna
1197 1872 1421 1941 deducebatur.
1447 1872 1488 1942 (¹)

594 1995 680 2063 Haec
703 1991 783 2060 dum
802 1995 837 2060 in
856 1994 952 2060 Frisia
976 1992 1184 2084 finitimisque
1202 1995 1377 2080 regionibus
1398 2018 1489 2080 gere-

550 2115 690 2196 bantur,
722 2115 932 2200 grausdmam
962 2136 1069 2180 rerum
1103 2115 1336 2180 conversionem
1368 2111 1490 2199 Belgica

550 2234 654 2298 subiit.
683 2232 827 2323 Namque
848 2233 1043 2326 proscriptus
1063 2260 1080 2298 a
1100 2234 1183 2318 Rege
1202 2234 1366 2322 Hispaniae
1382 2232 1491 2300 Arau-
1592 2256 1595 2266 ’

552 2351 720 2432 sionensis,
738 2366 847 2417 auctor
859 2351 929 2416 ›fuit
961 2350 1123 2418 soedesutis
1152 2351 1350 2435 Ordinibus,
1369 2370 1418 2419 'ut
1447 2353 1491 2430 illi

551 2471 722 2562 imperium
740 2469 877 2558 Belgicae
896 2471 1025 2562 'publice
1045 2473 1253 2558 abrogaretur.
1287 2475 1419 2538 Probata
1438 2495 1493 2555 re,

551 2591 586 2657 in
605 2591 849 2682 Hispaniamque
866 2589 965 2656 delata
973 2641 985 2674 ,
1008 2593 1053 2657 ira
1071 2607 1212 2658 aestuans
1224 2590 1392 2683 Philippus
1408 2615 1489 2656 con-

553 2708 656 2774 citavit
693 2707 868 2798 complures
901 2711 936 2774 in
957 2711 1113 2802 Principis
1135 2734 1244 2778 necem
1264 2711 1493 2802 proposuitque

549 2827 687 2914 praemia
707 2825 934 2912 interfectum,
958 2830 1079 2921 saepius
1100 2827 1150 2896 ille
1173 2831 1206 2895 in
1228 2831 1306 2896 vitae
1323 2829 1491 2896 discrimen

550 2955 677 3012 vocatus
716 2961 783 3029 est,
827 2946 899 3014 scd.
916 2947 1002 3014 ¹felici
1043 2948 1169 3014 fortuna
1212 2947 1336 3014 insidias
1368 2948 1492 3015 hostiles

529 3067 651 3133 'evasit
716 3066 866 3132 Matthias
904 3067 1086 3136 Austriaeus
1128 3084 1251 3152 autem,
1292 3093 1364 3136 cum
1407 3077 1493 3150 cani,

549 3209 647 3274 qum
675 3201 874 3276 speraverat,
907 3189 1040 3254 nominis
1064 3173 1177 3254 sannam
1204 3205 1299 3277 atque
1323 3189 1491 3255 auctorita-

550 3321 613 3372 tem
653 3308 803 3401 consequi
836 3331 901 3374 non
934 3319 1058 3400 posset,
1093 3306 1246 3375 abdicavit
1276 3331 1405 3373 munere
1436 3306 1492 3372 di-

549 3425 720 3514 missusque
742 3450 816 3492 cum
839 3427 933 3512 gratia
958 3437 1025 3492 est.
1060 3428 1120 3494 Cui
1147 3452 1247 3518 quum
1265 3450 1418 3493 successor
1436 3449 1491 3490 rc-

548 3545 744 3637 quireretur,
766 3559 838 3634 post
868 3545 978 3610 multas
1009 3544 1269 3629 deliberationes,
1297 3547 1501 3636 principatus.

547 3664 711 3731 Francisco
735 3662 877 3747 Valesio,
898 3664 1027 3730 Hernici
1050 3665 1095 3730 111
1119 3663 1236 3732 Galliae
1270 3666 1359 3750 Regis
1387 3663 1496 3746 freni,-

548 3782 606 3872 qui
625 3781 819 3848 Elisabethae
841 3786 968 3876 nuptias
996 3784 1175 3868 ambiebat,
1199 3783 1319 3852 oblatus
1340 3797 1405 3871 est3
1436 3781 1492 3848 sed

571 3929 835 3948 Μ

582 4001 622 4068 (ι)
646 4000 786 4072 Fresinge,
806 4022 833 4070 p.
853 4005 914 4074 387.
959 4005 1100 4070 Emmius,
1128 4026 1155 4073 p.
1173 4007 1217 4061 36.
1260 4006 1357 4076 seyr,
1386 4004 1491 4058 hill.

544 4110 575 4158 p.
594 4093 637 4162 57.
673 4089 734 4144 Van
751 4093 892 4156 Metcren,
916 4094 938 4147 l.
954 4095 1006 4147 xl.
1029 4115 1057 4163 p.
1079 4099 1109 4151 41
1134 4116 1211 4166 seqq.
1257 4097 1332 4161 Bor,
1352 4097 1373 4145 1.
1392 4093 1492 4147 XVU.

545 4201 574 4252 p.
593 4183 635 4236 32.
681 4183 788 4247 Haase,
811 4183 831 4235 l.
854 4182 938 4236 xlx.
961 4203 989 4252 p.
1007 4187 1070 4240 820.
1114 4185 1251 4252 Grotius,
1280 4188 1298 4242 l.
1322 4185 1374 4242 IV·
1398 4203 1426 4255 p·
1448 4185 1493 4256 χᾶ.

550 4273 720 4342 Waqenanr,
741 4275 761 4328 l.
780 4268 923 4328 xxvllt.
943 4293 971 4344 p.
989 4277 1050 4330 465·
1377 4277 1379 4282 ’
