3454 5658
671 882 710 950 tl

226 1075 334 1144 magns
361 1071 393 1123 et
420 1057 549 1148 captivis
572 1057 614 1124 ob
636 1057 787 1144 ingratam
811 1053 993 1146 temperiem
1012 1048 1159 1121 exoedere

224 1174 323 1242 Frisii
343 1176 492 1268 parebat,
518 1199 591 1242 cum
608 1183 739 1265 neoepto'
758 1173 895 1241 hostium
911 1185 1018 1258 motu,
1041 1187 1160 1238 mutato

223 1293 371 1380 oonsilio,
393 1295 532 1364 insistere
548 1317 657 1362 eorum
680 1295 772 1382 tergis
792 1308 946 1360 statueret.
989 1291 1102 1376 ,subiet
1125 1311 1160 1356 re

222 1415 382 1506 perterriti
399 1415 488 1482 Frisii
509 1411 644 1483 eonsnsis
662 1411 826 1480 ordinibus
845 1387 1021 1480 Boxumum
1029 1409 1160 1477 maxime

220 1529 418 1601 festinatione
439 1531 621 1601 tendebant.
658 1533 734 1624 Quo
754 1531 869 1617 deleti,
890 1531 1008 1600 difficili
1020 1531 1160 1623 primum

220 1675 327 1742 pugna
354 1667 547 1745 exceperunt
580 1652 756 1735 Taxienos,
789 1666 1005 1744 perruperunt
1038 1649 1158 1726 eciem.

218 1794 256 1837 se
285 1771 402 1858 majore
433 1767 627 1838 fortitudinis
663 1769 833 1863 specimine
869 1766 1058 1853 edidissent,
1098 1767 1159 1832 nisi

219 1886 337 1954 auxiliis
355 1871 524 1956 crevissedt
546 1887 669 1956 hostiles
693 1889 808 1981 sopire.
842 1888 931 1955 Tum
951 1911 1024 1954 vero
1042 1901 1158 1952 mutate

219 2001 293 2074 belli
325 2005 469 2091 fortuna,
499 2031 612 2094 magne
642 2003 728 2074 clade
758 2007 846 2074 Frisii
868 2006 992 2090 afflicti,
1023 2005 1159 2070 sexcenti

216 2127 334 2220 partim
354 2125 454 2208 oaesi,
475 2127 593 2218 partim
612 2125 706 2216 eapti.
749 2123 847 2192 Multi
867 2123 1020 2214 utrinque
1040 2120 1157 2189 nobiles
1261 2106 1277 2132 ‘

215 2244 377 2337 sortesque
397 2245 457 2313 viri
479 2243 575 2312 vitam
594 2244 773 2310 amiserunt.
795 2241 837 2312 (Ι)
1212 2287 1218 2296 .

259 2359 393 2430 Interim
422 2361 606 2432 Guilielmus
633 2359 684 2428 die
716 2363 758 2429 26
788 2360 927 2428 ianuarii
948 2357 1049 2427 redux
1070 2362 1155 2428 Leo-

149 2519 152 2537 ·
215 2479 354 2550 vnrdirm
374 2480 458 2565 suit,
484 2503 545 2548 neo
567 2480 633 2546 sine
656 2481 741 2567 gravi
764 2502 905 2547 moerore
924 2494 1057 2567 stragem
1078 2504 1154 2549 suo-

216 2625 290 2668 rum
319 2601 473 2688 mgnovit
526 2599 717 2691 Exposoenti
737 2599 842 2665 eutem
862 2598 999 2690 captivos
1018 2621 1154 2690 respon·

214 2717 266 2785 dit
288 2715 457 2805 Verdugo,
480 2715 515 2783 id
535 2716 642 2785 solatio
662 2717 690 2783 ei
710 2733 774 2783 esse
792 2714 927 2801 debete,
959 2716 1047 2810 quod
1069 2717 1154 2785 houd

214 2840 379 2904 inotnente
411 2838 474 2903 suis
510 2838 639 2904 victoris
668 2836 785 2904 fuisset.
860 2837 926 2904 Ubi
954 2835 1155 2906 dnemsemnt

216 2956 370 3041 Texisni,
394 2955 593 3048 immanitatis
617 2981 653 3024 eo
672 2955 825 3022 barbariei
842 2957 944 3024 ubivis
961 2959 1155 3050 apparebant

214 3077 361 3164 vestigia,
394 3075 593 3168 nominisque
615 3075 777 3168 Hispaniei
801 3075 976 3143 communis
1008 3076 1154 3143 omnibus

216 3211 317 3263 terror
335 3195 529 3282 gravissimus
551 3191 658 3266 fiebat.
702 3191 784 3277 Sed,
804 3189 892 3283 quod
915 3194 950 3258 in
972 3193 1066 3259 rebus
1084 3210 1151 3261 tre-

215 3312 299 3406 pidis
319 3337 409 3405 saepe
433 3309 573 3380 accidere
594 3310 691 3396 solet,
721 3327 758 3377 ut
781 3309 822 3376 ed
844 3333 987 3402 perverse
1011 3327 1043 3378 et
1063 3313 1155 3380 noxia

218 3431 342 3502 oonsilir
362 3430 543 3518 confugient
560 3429 722 3514 homines,
743 3427 828 3497 idem
840 3443 910 3496 tum
919 3428 1153 3501 Frisiisevenit2

215 3551 345 3619 fueram
364 3551 449 3617 enirn
469 3546 555 3616 haud
582 3548 694 3640 penei,
730 3548 788 3640 qni
823 3545 985 3616 consiliare
1016 3571 1050 3614 se
1080 3571 1153 3617 enm

216 3669 318 3756 Regiis
338 3685 370 3736 et
390 3665 580 3756 Verdugone
599 3666 746 3753 mallent,
769 3650 865 3758 quem
886 3683 1022 3736 extreme
1039 3669 1106 3760 pati
1123 3685 1155 3736 et

255 3904 298 3972 (t)
317 3901 454 3966 Ειιιιιιίιιι,
475 3920 503 3970 p.
520 3901 551 3957 51
581 3917 658 3970 seqq.
698 3899 792 3970 neyd,
811 3901 830 3953 Ι.
848 3900 868 3951 Ι.
890 3919 917 3969 p.
934 3893 990 3958 68.
1013 3901 1072 3954 Van
1090 3903 1154 3956 sta-

221 4001 314 4056 teren,
337 3991 356 4044 Ι.
377 3991 461 4046 xm.
479 4010 507 4060 p.
529 3992 589 4045 sn.
637 3989 709 4053 Bor,
729 3991 748 4042 Ι.
768 3989 852 4042 XXI.
871 4009 897 4058 p.
917 4008 958 4044 ιο.
1006 3992 1114 4056 fleon,
1135 3993 1155 4042 Ι.

222 4082 337 4136 ΙΙΧΙΙΙ.
356 4101 381 4151 p·
401 4083 459 4138 133.
476 4100 554 4150 seqq·
603 4079 772 4148 aneurnr,
795 4079 815 4132 Ι.
834 4081 900 4154 Ιιι.
921 4099 978 4137 ιιι.
1034 4083 1151 4145 Stratis,

222 4173 255 4225 de
277 4173 350 4225 hello
374 4172 447 4241 Beig.
485 4171 569 4223 Dectts
592 4167 632 4223 ΙΙ.
652 4171 670 4224 Ι.
692 4167 760 4225 Vll.
776 4187 805 4238 p·
823 4169 882 4224 461.
