3408 5664
1039 691 1084 759 '82

636 871 704 936 Sub
731 871 806 934 anni
835 868 933 937 finem
956 869 1128 938 Pamnsis
1151 865 1293 934 Atrebati
1322 889 1534 954 cornutorum,

584 989 824 1082 ¹expeditionem
851 990 885 1053 in
914 987 1048 1056 Galliam
1074 987 1289 1081 suscepturus,
1333 985 1419 1056 diem
1446 989 1533 1056 obiit.

593 1112 723 1176 Mortuo
744 1109 894 1175 Ernestus
908 1105 1112 1174 Mansseldius
1137 1109 1349 1193 octogenarius
1376 1104 1532 1190 succedit,

595 1221 645 1287 eui
675 1243 748 1285 teror
782 1219 893 1284 Comes
924 1219 1082 1284 Fontanus
1111 1234 1142 1282 et
1174 1217 1324 1283 Ernestus
1353 1217 1535 1284 Austriacus

593 1339 799 1406 sufficientius.
814 1335 855 1404 (¹)
1538 1415 1543 1428 ι

639 1456 731 1525 Haud
753 1461 858 1524 minus
879 1459 1092 1539 aurio‘1593,
1124 1481 1221 1548 quam
1239 1454 1445 1548 praecedente
1464 1454 1533 1524 ioe-

595 1574 773 1643 dcratounn
794 1575 957 1645 Ordinunr
980 1577 1147 1642 sententiae
1169 1574 1397 1667 discrepabant.
1438 1575 1535 1644 suam

597 1699 934 1790 ‹praequep1·oviuciu‚
958 1721 1023 1762 non
1044 1719 1243 1764 communem
1264 1719 1415 1780 caussam,
1437 1721 1532 1789 spec·

597 1817 688 1882 tubat.
733 1817 827 1883 Frisia
843 1815 973 1908 quidem
988 1840 1115 1901 urgere,
1139 1832 1175 1881 ut
1192 1842 1256 1907 qua
1274 1833 1439 1884 cessaverat
1453 1843 1532 1883 auc-

594 1952 706 2002 tumno
736 1935 869 2020 bellum,
891 1938 937 2002 ibi
961 1936 1154 2028 susciperent
1177 1934 1283 2002 denuo
1302 1962 1337 2002 ac
1358 1960 1533 2027 persequer

594 2070 705 2120 rentur
726 2053 894 2143 foederati}
919 2055 1063 2138 buada,
1086 2058 1112 2122 si
1132 2055 1191 2122 alio
1213 2053 1454 2142 transferretur,
1476 2079 1532 2120 su-

594 2177 729 2266 periores
748 2177 887 2241 uictorias
905 2173 1034 2242 intrares.
1081 2171 1260 2240 Hollandiae
1285 2172 1423 2241 Ordines
1446 2175 1532 2244 Ger·

596 2290 823 2378 trudisbergam
841 2289 1002 2360 obsidione
1027 2293 1112 2378 cingi
1133 2293 1307 2378 malebant,
1331 2319 1436 2386 neque
1457 2293 1532 2362 abe-

593 2435 654 2476 ·nus
675 2411 714 2476 ab
739 2417 848 2478 ebrum
870 2413 1023 2478 sententia
1052 2413 1216 2480 Metuitius
1244 2413 1418 2481 videbatur,
1462 2416 1535 2507 Qua

594 2547 660 2596 crat
688 2529 802 2619 insigni
832 2530 1015 2599 Guilielmus
1046 2531 1237 2599 humanitate
1264 2549 1297 2601 et
1321 2532 1533 2622 induigentia,

595 2651 698 2718 Frisiis
728 2653 840 2732 suasit,
877 2657 912 2716 ut
948 2649 1110 2718 Hollandis
1138 2651 1248 2720 auxilia
1274 2652 1531 2746 suppeditarentg

595 2769 772 2859 expugnati
799 2767 1083 2854 Gertrudisbergd,
1107 2794 1172 2837 non
1194 2769 1329 2837 dubium
1349 2795 1432 2856 esse,
1456 2776 1535 2862 quin

595 2903 735 2954 mutuam
768 2911 896 2978 quoque
930 2889 1004 2980 ipsis
1038 2911 1132 2980 opem
1161 2889 1205 2956 illi
1228 2889 1356 2957 ferrent.
1411 2889 1536 2961 Effectu

595 3003 759 3075 consilium
781 3008 900 3096 caruit3
938 3025 969 3074 et
994 3032 1073 3100 qune
1093 3010 1253 3103 superiore
1273 3036 1358 3079 anno
1377 3037 1535 3083 ffmomm

488 3159 490 3166 s
592 3127 718 3195 societas
743 3142 905 3218 tantopere
921 3127 1108 3197 Batavorum
1128 3153 1177 3224 res
1202 3147 1328 3197 auxerat
1342 3130 1423 3199 ctad
1436 3157 1533 3225 prae-

594 3245 674 3311 clara
696 3270 841 3338 quaeque
863 3271 959 3339 porro
987 3246 1117 3314 tendere
1153 3247 1349 3335 credebatur,
1383 3256 1536 3345 perversis

593 3367 826 3457 provincianun
867 3366 977 3435 studiis
1019 3366 1250 3436 dissolvebatur.
1315 3371 1367 3439 Sic
1406 3371 1535 3464 quidem

594 3482 796 3568 Guiliebnns,
832 3507 906 3554 cunt
932 3484 1024 3573 longe
1054 3488 1215 3580 copiartuu
1245 3512 1376 3556 numero
1403 3491 1533 3578 Verdu-

591 3627 671 3687 gone
688 3622 780 3670 ,esset
806 3605 958 3690 inferior,
992 3607 1188 3692 Groningan
1218 3623 1325 3700 petere
1355 3635 1421 3677 non
1445 3576 1535 3680 ausus

593 3810 663 3864 tlt.
678 3812 775 3879 p-tffi.
809 3812 997 3879 Winsemius,
1017 3816 1036 3868 Ι.
1049 3817 1134 3873 xlx,
1151 3835 1180 3886 p.
1191 3819 1322 3876 8050806·
1359 3819 1532 3889 Wegennar‚

591 3898 831 3972 ¹·¹·P·³⁶⁵·¹‘i‘i·

629 3989 668 4058 (t)
688 3987 783 4057 nepti,
804 3987 890 4043 bix.
909 3991 1007 4062 110195.
1045 3994 1118 4060 Bor,
1139 3997 1158 4047 Ι.
1178 3998 1197 4050 Ι.
1216 4013 1243 4064 p.
1260 3995 1304 4052 bi.
