3454 5658
992 895 1033 959 64

541 1065 582 1134 nd
607 1068 763 1159 portulam
775 1066 883 1134 editus
904 1083 1027 1158 puteat,
1060 1089 1139 1156 quae
1169 1066 1293 1152 effringi
1320 1065 1483 1134 machinae
1512 1137 1518 1156 ἶ

544 1185 707 1273 enjusdam
724 1213 784 1280 ope
807 1189 917 1279 possit,
956 1187 1107 1252 Attamen
1127 1185 1264 1252 hostium
1284 1202 1404 1250 mentes
1423 1211 1480 1252 oo-
1534 1255 1540 1277 ,

543 1308 671 1396 piasque
692 1333 709 1371 a
730 1306 926 1399 Delphizylio
948 1303 1117 1371 distrahere
1142 1305 1288 1396 cupiens,
1322 1307 1410 1396 prius
1443 1285 1504 1371 ad·
1540 1399 1542 1404 ,

544 1426 767 1494 Emotillanum
801 1425 958 1492 castellum
994 1426 1098 1489 utinus
1129 1423 1285 1508 validum,
1317 1423 1370 1489 sed
1401 1425 1485 1490 hosti

537 1540 838 1637 ¹peropportunum,
859 1543 910 1610 die
936 1547 976 1614 10
993 1545 1101 1610 Martii
1119 1568 1149 1608 se
1170 1544 1335 1610 convertit.
1365 1546 1485 1611 Navem
1535 1527 1540 1534 ι

544 1666 585 1730 ite
606 1663 780 1756 parandam
802 1681 906 1747 curet,
929 1680 964 1729 nt
983 1679 1178 1756 ponerentur
1200 1666 1234 1727 in
1253 1661 1389 1728 tabtdnto
1410 1688 1486 1730 cor-
1535 1747 1536 1754 ἵ

544 1785 619 1868 bes,
642 1785 744 1850 carina
766 1783 910 1850 adversus
929 1783 1094 1868 globorum
1114 1780 1228 1847 damna
1249 1779 1412 1848 artificiose
1432 1799 1484 1846 te-

545 1919 677 1990 geretur.
723 1901 870 1969 Praeficit
894 1905 965 1968 nevi
990 1903 1228 1986 centurionem,
1255 1903 1312 1991 qui
1335 1917 1403 1967 eum
1426 1925 1486 1993 per

545 2021 750 2108 navigabilem,
775 2023 900 2105 rivum,
926 2021 1104 2088 Emotillam
1127 2020 1424 2112 praeterfluentem,
1454 2039 1487 2088 et

545 2167 603 2234 per
640 2166 737 2232 quem
770 2143 889 2232 saepius
925 2140 1004 2208 clam
1039 2141 1142 2208 efferri
1177 2163 1293 2206 merces
1329 2140 1488 2224 solebant,

546 2276 620 2327 aute
640 2258 817 2326 diluculum
840 2259 899 2322 sub
927 2257 988 2327 loci
1012 2257 1127 2324 vallum
1147 2255 1278 2324 advexit.
1325 2255 1356 2322 A
1376 2258 1488 2323 stativo

547 2377 721 2472 praesidio,
750 2377 795 2442 nil
824 2375 888 2442 doli
916 2379 1038 2442 subesse
1068 2392 1154 2459 rato,
1186 2375 1355 2459 admissus,
1389 2377 1489 2444 movit

547 2499 711 2594 praesectis
732 2499 959 2590 suspicionem:
991 2498 1048 2588 qui
1070 2495 1202 2562 clamore
1220 2495 1306 2562 edito
1326 2521 1386 2588 pro
1407 2497 1485 2562 vin·-

548 2621 609 2686 bus
646 2620 787 2684 resistere
822 2615 1038 2682 insidiatorum
1075 2617 1181 2680 manui
1208 2635 1324 2682 navem
1355 2639 1488 2702 egressae

550 2742 673 2822 conati,
696 2736 811 2802 dedere
833 2761 863 2801 se
885 2761 958 2802 mox
982 2736 1184 2820 cogebantur.
1228 2736 1278 2801 Ibi
1304 2734 1491 2802 Guilielmus

549 2860 583 2924 iu
601 2855 775 2922 subsidium
800 2855 905 2946 plures
928 2855 1068 2924 cohortes
1084 2853 1227 2939 ducens,
1259 2880 1300 2920 ne
1325 2855 1405 2948 quid
1429 2834 1494 2922 επι-ἱ

551 2979 661 3044 citatus
685 2976 781 3042 hostis
805 2977 839 3040 iu
860 2974 1039 3041 fortissimos
1060 2973 1171 3040 milites
1190 2972 1345 3040 crudelius
1366 2993 1488 3062 egeret,

550 3098 612 3166 hoc
634 3097 728 3164 simui
750 3096 871 3180 effecit,
902 3112 952 3171 ut,
965 3092 1161 3160 nudarentur
1187 3096 1290 3160 ubivis
1315 3093 1489 3186 praesidia,

550 3236 583 3286 et
613 3217 847 3310 Delphizylium
878 3213 1079 3282 desereretur.
1106 3215 1146 3281 (¹)
1199 3216 1271 3280 Huc
1299 3239 1371 3300 ergo
1402 3239 1492 3281 cures

550 3335 709 3419 intendit,
730 3351 762 3400 et
784 3332 978 3428 expeditioni
1002 3331 1277 3423 praeessevoluit:
1312 3331 1368 3398 sed
1402 3333 1490 3423 quod

551 3454 621 3520 illac
640 3457 736 3532 rarius
760 3452 931 3546 procedere
949 3453 1074 3537 soleret,
1096 3471 1128 3520 et
1147 3451 1320 3521 verendum
1336 3471 1430 3535 esset,
1450 3479 1492 3520 ne

555 3575 636 3642 hosti
656 3575 797 3640 Frisiisve
817 3597 865 3638 res
886 3575 1114 3658 innotesceret,
1134 3557 1171 3640 ‘et
1194 3559 1360 3641 hominum
1377 3555 1489 3641 rumo-

593 3831 634 3898 (t)
655 3826 799 3880 Guilieimi
817 3831 845 3879 in
863 3831 1017 3896 occupanda
1036 3830 1164 3889 Emotiiin
1183 3841 1340 3902 stratege-mn
1364 3833 1395 3884 in·
1414 3853 1486 3912 metr

557 3925 612 3970 tem
635 3918 715 3968 uobis
736 3926 845 3971 revocet
863 3920 950 3970 simile
967 3922 1121 3988 quoddam,
1139 3941 1194 3991 quo
1211 3923 1338 3990 deinceps
1350 3923 1495 3978 Mauritiut

557 4027 580 4058 s.
594 4009 660 4080 ¹⁵9⁰
673 4009 700 4058 iu
713 4008 886 4076 expugnandb
902 4009 986 4062 orent
1000 4030 1062 4064 usus
1072 4022 1127 4064 eut..
1156 4013 1240 4064 Vidd.
1255 4013 1373 4068 Eutmiue
1383 4050 1399 4079 ‚v
1409 4033 1437 4082 p.
1447 4015 1491 4065 55.

523 4089 525 4094 ’
557 4115 635 4167 seqq.
669 4097 763 4166 neyu,
783 4097 802 4149 Ι.
822 4097 905 4150 vttt.
925 4117 953 4166 p.
971 4101 1029 4154 150.
1047 4120 1124 4170 seqq.
1160 4102 1233 4166 bor,
1253 4103 1273 4152 l·
1292 4103 1386 4156 XXV.
1404 4121 1431 4171 p.
1447 4104 1492 4176 ⁵⁸?

560 4187 733 4256 cheuesr,
757 4188 775 4237 l.
795 4188 907 4244 XXXI·
930 4208 956 4255 p.
973 4189 1032 4244 3122
