3454 5658
675 925 714 990 bl

214 1093 361 1180 effugeret
395 1120 504 1162 eorum
532 1097 730 1178 iuimicitias,
766 1121 802 1164 ae
834 1093 961 1166 studere
989 1121 1020 1162 se
1041 1095 1155 1189 patriae

216 1213 407 1297 commodis,
442 1217 588 1282 omnibus
611 1214 827 1306 persuaderet,
849 1215 1009 1308 epistolam
1029 1213 1069 1283 ad
1094 1217 1154 1282 Li-

216 1336 363 1398 cestrium
385 1333 492 1418 dedit,
513 1335 790 1402 commonefaciens
808 1360 899 1420 eum,
921 1339 1153 1428 sperare'l‘ra-

211 1454 365 1540 jectinos,
389 1456 413 1518 si
435 1453 575 1544 paullum
596 1456 811 1540 mitigarentur
831 1453 986 1547 quaedam
1006 1455 1156 1549 supplicis

215 1571 312 1638 libelli
342 1575 461 1663 capita,
494 1573 559 1640 lore
591 1591 628 1640 ut
660 1573 858 1666 pelliceretur
879 1573 919 1642 ad
940 1571 1157 1666 accipiendam

215 1693 474 1778 gubernationem
507 1692 643 1779 Angliae.
669 1694 805 1780 Regina:
840 1696 866 1760 si
890 1692 969 1785 qsrid
992 1710 1095 1764 autem
1116 1691 1157 1759 de

217 1810 313 1898 hujus
348 1811 506 1880 voluntate
536 1814 595 1902 ipsi
626 1813 706 1880 sorte
728 1813 931 1896 innotuisset,
954 1813 1031 1880 haec
1046 1835 1159 1880 secum

217 1931 484 2016 communicaret3
521 1931 679 2024 pollicitus
701 1955 831 2022 quoque
852 1948 921 2014 est,
944 1956 975 1998 se
998 1935 1086 2000 omni
1102 1957 1156 1998 rs-

218 2052 302 2116 tione
323 2075 450 2143 operam
474 2049 643 2133 daturum,
665 2066 702 2114 ut
725 2052 902 2140 provinciae
926 2049 1063 2120 Ordines
1085 2075 1160 2116 cum

219 2172 337 2256 Regina
358 2169 546 2236 conciliaret.
591 2167 645 2238 ad
666 2168 721 2234 has
738 2168 853 2235 litteras
872 2167 951 2236 nibil
972 2195 989 2234 a
1011 2169 1162 2236 Lioestrio

218 2291 361 2381 responsi
392 2288 473 2356 tulita
519 2287 583 2356 Sed
610 2288 701 2374 legati
728 2287 860 2354 offensae
887 2311 1055 2370 memores,
1081 2311 1159 2354 auc-

219 2426 286 2475 tore
328 2411 461 2474 maxime
504 2405 629 2476 Hesselo
660 2405 798 2498 Aysma,
833 2408 1007 2497 crepabant
1036 2406 1160 2488 ubivis,

217 2527 340 2594 infestis
373 2530 481 2594 animis
518 2525 654 2594 Ordines
689 2529 724 2592 in
759 2524 877 2612 Anglos
898 2541 929 2592 ct
953 2523 1163 2594 Elisabetham

218 2671 303 2731 csse,
326 2671 429 2737 neque
452 2645 612 2714 Guilielmi
635 2646 732 2710 lamae
752 2645 943 2736 parcebant,
967 2667 1065 2736 quem
1085 2643 1161 2710 An-

220 2766 294 2853 glici
340 2767 474 2832 nominis
520 2763 729 2832 adversarium
776 2765 1029 2856 nuncupabunt,
1075 2777 1164 2830 antes

221 2887 345 2977 quippe
375 2884 508 2968 fassum,
544 2885 726 2978 Hispanicaa
758 2884 818 2950 sibi
844 2879 948 2975 ¹aeque
970 2899 1065 2974 atque
1087 2881 1162 2952 An·

169 3097 171 3102 ¹
223 3003 314 3090 glicas
348 3021 452 3095 partes
482 3003 629 3070 arridere.
674 3002 746 3071 Alia
771 3005 849 3070 item
872 3005 1062 3070 memorabat
1080 2993 1163 3070 Hes-

225 3121 323 3191 selusa
360 3122 475 3190 Brilam
505 3139 537 3188 ct
560 3124 742 3209 Flissingam
766 3124 796 3190 ui
816 3121 905 3188 illum
927 3147 1080 3212 occupare
1104 3146 1163 3189 vo·

225 3243 331 3326 lusisse,
365 3245 450 3335 pacis
475 3267 549 3310 cum
572 3244 717 3334 Hispanis
742 3239 919 3324 faciendae,
941 3242 1064 3328 rejectis
1088 3239 1162 3308 An-

224 3361 299 3448 gliae
334 3362 470 3444 auxiliis,
504 3361 627 3428 consilia
651 3362 729 3429 serio
751 3362 891 3446 agitasse,
920 3360 1072 3428 amicitiae
1092 3385 1165 3428 cum

227 3478 417 3566 Verdugone
451 3479 536 3546 baud
568 3479 663 3546 dubia
689 3476 804 3545 indicia
835 3479 1020 3568 praebuisse.
1064 3478 1165 3548 Acci-

226 3599 316 3668 derat
336 3600 524 3692 aliquando,
547 3617 584 3666 ut
605 3598 771 3668 Frederico
790 3599 957 3684 Bergenai,
980 3623 1120 3690 quocum
1131 3602 1166 3666 in

227 3720 338 3787 eadem
369 3719 464 3788 domo
492 3720 744 3805 Dillenburgeusi
778 3715 927 3784 educatus
958 3715 1080 3804 fuerat,
1111 3717 1166 3786 aad

229 3842 287 3930 qui
310 3842 407 3932 patria
430 3839 572 3931 exemplo
593 3837 632 3905 ad
659 3841 811 3932 Hispanos
837 3840 1017 3922 transierat,
1046 3843 1168 3932 petenti

229 3958 416 4030 concederet
445 3960 577 4028 liberam
608 3982 665 4050 per
700 3983 825 4050 campos
846 3956 1058 4050 paludesque,
1088 3983 1168 4050 quae

228 4077 269 4146 sd
298 4080 365 4169 ejus
398 4077 487 4146 aedes
516 4081 682 4181 Nienortae
706 4080 920 4168 pertinerent,
950 4079 1165 4163 rennuentem,

229 4197 332 4268 sidem
365 4219 454 4282 vero,
486 4202 604 4290 piatam
625 4223 710 4264 suana
731 4200 923 4285 imaginem,
946 4213 982 4262 ut
1004 4199 1040 4268 in
1062 4196 1169 4264 wratis

988 4318 1038 4383 [ἐϋ
