3432 5666
652 865 705 947 73¹*

205 1039 386 1132 quistatim
406 1039 446 1108 ad
467 1041 692 1124 Deventiiam,
712 1039 872 1120 lautiorem
889 1056 922 1106 et
933 1038 1156 1124 manicarent„

205 1159 383 1244 civitatem,
417 1175 513 1227 casua
546 1173 731 1252 posuerunt,
778 1158 872 1240 Nouo
901 1160 941 1225 ab
972 1157 1157 1242 obsidionis·

206 1278 297 1346 initio
316 1276 367 1356 die
375 1327 388 1363 ,
407 1293 577 1372 postquam
593 1275 756 1358 fortissime
776 1288 1004 1346 mameutornm
1021 1281 1141 1360 vicer-

208 1413 308 1470 tatum
338 1413 425 1482 crat,
457 1413 489 1464 et
520 1397 685 1480 Mamitius
711 1412 843 1489 pontem
865 1398 900 1468 in
917 1397 992 1482 Isala
1012 1396 1144 1464 flumine
1212 1423 1214 1430 ’

206 1513 449 1584 custodiendum
469 1531 649 1601 curaverat,
679 1514 890 1608 praudiarii,
911 1517 1027 1586 οδοτῑίε
1051 1533 1161 1598 tene-‚

208 1636 291 1718 bris,
309 1633 392 1706 facto
406 1658 445 1704 ex
463 1636 542 1702 urbe
555 1636 698 1728 impetu,
713 1633 862 1704 incendio
875 1651 1009 1728 pontem
1022 1632 1144 1718 deleae,

207 1755 311 1821 autvi
332 1755 521 1847 abrumpere
540 1753 720 1824 studebant.
764 1751 829 1822 sad
849 1753 970 1852 sactum
986 1753 1148 1842 Gnilielmi

207 1873 311 1958 ouri,
334 1875 391 1967 qui
407 1872 465 1940 tale
486 1872 567 1966 quid
582 1889 769 1942 eventurum
785 1873 998 1958 intellexerat,
1023 1891 1060 1954 ut
1082 1899 1148 1942 non

206 1991 310 2060 solum
330 2017 397 2060 non
416 1993 588 2085 improviso
604 1991 771 2078 adessent,
790 2016 900 2062 vesum
916 1994 1010 2062 etiam
1028 1995 1149 2082 abjecta

206 2107 338 2178 delendi
370 2113 477 2202 pontis
510 2135 588 2204 spe,
616 2112 682 2178 acri
705 2105 875 2180 masmine
894 2113 1151 2204 excipeoeutura

211 2230 421 2314 Nassavianis,
439 2231 539 2321 etqui
556 2230 658 2298 securi
671 2231 866 2324 superbique
876 2233 1039 2318 exiissent,
1054 2230 1152 2313 iidem

210 2350 299 2416 anxii
316 2349 560 2442 perturbatique
578 2348 613 2415 in
634 2351 748 2418 urbem
767 2374 801 2418 se
819 2352 977 2444 sonipere
999 2375 1150 2438 cogeren-

213 2482 276 2534 tur.
319 2469 446 2536 Postero
475 2467 527 2534 die
557 2492 681 2536 summo
709 2464 802 2538 uisne
820 2467 863 2537 ad
886 2469 1054 2540 deditionis
1074 2472 1154 2560 leges

213 2583 446 2655 descenderunt
466 2589 589 2656 obsesd.
632 2591 746 2658 Comes
762 2591 961 2658 Hermannus
977 2567 1154 2678 Bergensis,

214 2683 312 2798 penes
327 2717 424 2798 quem
439 2705 634 2800 pauefectura
650 2707 1065 2796 fuerat,.u1·bemegoeaau‚
1082 2735 1156 2779 cum

217 2823 385 2896 Guilielmo
407 2823 448 2894 de
471 2825 635 2896 oculorum
659 2828 806 2906 coecitate,
825 2829 1038 2919 quembatm,
1067 2825 1155 2916 (uam

216 2942 352 3012 dmente
373 2943 535 3012 obsidione
549 2944 679 3039 pulveae
696 2947 811 3014 uitiato
828 2946 937 3014 adiuta
952 2947 1044 3016 facies
1055 2951 1152 3040 erat);

216 3086 291 3130 mox
308 3089 325 3130 a
346 3065 495 3134 Mamilio
512 3065 648 3152 benigne
666 3065 701 3131 in
716 3069 872 3156 praetoiio
888 3083 1053 3160 exceptus,
1074 3093 1155 3136 oon·-

217 3207 387 3275 venusque
415 3185 520 3262 subito
540 3181 580 3251 ad
605 3182 828 3252 Guiliehnuma
858 3209 880 3250 >s
895 3184 1012 3275 Saepe,
1034 3186 1158 3276 inquit,

219 3327 241 3370 »
263 3327 338 3371 cum
344 3301 534 3389 Verdugone
546 3318 684 3388 egomet,
693 3317 725 3369 et
737 3301 787 3368 ille
795 3325 921 3368 mecum
928 3303 969 3368 ita
978 3300 1066 3392 loqui
1074 3303 1157 3370 sole-

219 3448 242 3496 »
261 3425 391 3508 bamus,
424 3421 514 3514 quasi
536 3422 683 3512 ineptum
711 3436 788 3496 esset
805 3415 952 3504 credere,
970 3419 1159 3513 praecluum

220 3569 244 3610 >a
265 3541 428 3635 quandam
451 3543 491 3608 ab
522 3538 698 3608 Ordinibus
725 3540 847 3608 institui
879 3536 1094 3624 obsidionem,
1128 3558 1167 3608 et·

221 3686 244 3730 »
264 3659 381 3729 adduci
402 3659 611 3752 adbiberiqne
630 3660 780 3746 majorem
795 3673 1025 3740 tomentogum
1043 3681 1159 3730 numev

221 3806 244 3866 >a
264 3805 337 3846 rum
347 3803 437 3874 posse
445 3809 457 3867 3
477 3795 510 3846 at
520 3779 643 3866 egregie
658 3793 797 3844 noenum
814 3793 851 3844 tu
865 3779 1047 3870 opinionem
1063 3776 1158 3854 selalf

220 3925 243 3968 s>
263 3900 359 3968 listi.''
394 3901 483 3968 Tum
500 3896 666 3966 sub1idens
682 3897 733 3964 ille
748 3897 880 3966 leniterz
914 3876 936 3964 is
944 3899 1047 3966 Probe
1063 3901 1158 3988 equi-

222 4045 244 4086 »
265 4018 358 4104 dem,
382 4019 494 4088 dilecte
518 4019 726 4103 consobrine,
757 4041 795 4084 ex
814 4018 959 4084 omnibus
981 4019 1076 4084 rebus
1100 4019 1161 4082 tuis

224 4139 245 4204 >i
266 4140 355 4226 gestis
373 4137 528 4222 intellexi,
552 4163 608 4206 nos
631 4139 688 4205 tibi
710 4138 841 4206 Geusios
860 4135 933 4204 odio
945 4138 1168 4230 vitupeu‘oque
