3408 5664
1022 881 1065 952 80

560 1033 791 1150 superaderat,
824 1073 919 1150 atque
941 1056 1137 1126 illucescente
1159 1057 1211 1126 die
1234 1058 1274 1127 27
1297 1058 1418 1128 Sextilis
1442 1038 1517 1129 cuti

575 1178 706 1244 linteatis
736 1159 832 1270 copiis
857 1175 1011 1244 *invadere
1045 1193 1141 1244 castra
1171 1176 1326 1244 studebat.
1371 1177 1517 1272 Antece-

560 1295 704 1362 'dentem
724 1305 850 1364 noctem
873 1289 1050 1388 suspectam
1072 1313 1203 1384 egerunt
1231 1300 1429 1383 Nessaviani,
1460 1297 1516 1364 sed

551 1393 663 1506 *quasi
697 1397 771 1483 cuin
802 1415 871 1482 luce
894 1409 1002 1482 ‘metus
1033 1417 1134 1482 omnis
1164 1414 1343 1499 tolleretur,
1371 1417 1406 1482 iu
1426 1441 1515 1484 som-

575 1561 654 1602 num
672 1535 750 1628 lapsi
767 1549 857 1603 sunt:
879 1557 898 1601 e
918 1558 984 1626 qno
1002 1551 1197 1602 tamenrmox
1215 1535 1283 1602 illos
1301 1537 1412 1622 iugens
1436 1537 1513 1604 bos-

574 1657 654 1722 tium
674 1655 844 1747 strepitus,
866 1656 1026 1722 victoriam
1047 1655 1327 1738 conclamantium,
1354 1657 1515 1724 vexcitavit.

553 1777 641 1846 (Nec
657 1775 805 1863 'vigilabat
827 1773 932 1841 adbuc
951 1799 1023 1868 pars
1040 1777 1162 1862 major,
1183 1799 1286 1866 quum
1304 1775 1514 1862 Guilielmus‚

574 1896 631 1984 qui
661 1895 764 1986 perire
793 1915 889 1986 quam
910 1891 1004 1960 cladis
1023 1895 1334 1988 nunciumeccipere
1357 1895 1515 1981 malebat,

573 2011 682 2104 quod,
701 2011 952 2079 dissuadentibus
969 2013 1095 2098 multis,
1116 2011 1285 2082 obsidionis
1306 2033 1414 2083 auctor
1432 2016 1513 2086 fuis—

572 2143 642 2219 set,
667 2157 843 2201 conscenso¹
857 2121 962 2224 equo,
986 2135 1088 2215 istuc,
1110 2131 1197 2200 unde
1221 2133 1515 2226 clamoraooeptus‚

573 2253 737 2322 advolaret.
791 2252 910 2321 Aderat
941 2255 1004 2320 cito
1036 2255 1071 2318 in
1104 2252 1205 2318 alteris
1242 2255 1373 2341 castris,
1405 2255 1514 2346 ibique

562 2375 774 2462 ‘excubiarum
795 2371 921 2440 caedem
938 2388 969 2438 et
990 2371 1096 2458 fugam
1117 2374 1271 2458 cognovit.
1305 2375 1394 2440 Turn
1410 2372 1512 2441 eduo-

573 2509 618 2561 tos
637 2518 654 2562 c
673 2494 777 2562 castris
800 2493 919 2584 equites
946 2489 987 2558 ad
1009 2490 1245 2582 reprimendam
1275 2494 1340 2560 vim
1370 2493 1514 2562 hostilem

572 2613 694 2708 duplici
714 2615 762 2680 via
776 2608 924 2704 progredi
942 2610 1053 2699 jussit,
1077 2626 1115 2675 ut
1136 2626 1253 2678 terrore
1272 2612 1427 2704 peretulo,
1448 2637 1515 2705 quo

561 2755 606 2801 ’se
626 2747 805 2814 verterent,
826 2731 928 2796 hostes
951 2753 1016 2797 non
1034 2728 1197 2796 baberent.
1227 2727 1292 2798 Ubi
1312 2730 1434 2817 illuxit,
1456 2734 1511 2798 in-

572 2854 675 2940 gentia
690 2851 827 2917 bostium
844 2848 954 2914 lunera
972 2849 1262 2938 conspiciebantur,
1284 2873 1366 2942 quos
1381 2853 1512 2920 vestium

573 2970 691 3041 candor
710 2967 902 3064 prodiderat.
946 2968 1079 3033 Interim
1104 2992 1223 3035 novum
1241 2965 1424 3056 Verdugoni
1445 2972 1511 3036 im·-

560 3105 684 3186 'petum
704 3091 817 3158 serenti
838 3105 901 3154 tam
918 3087 1043 3190 sortiter
1065 3088 1204 3153 restitere
1221 3104 1419 3180 experrectae
1439 3093 1509 3157 Or-

572 3213 686 3280 dinum
724 3210 849 3303 copiae,
874 3223 930 3272 'ut
971 3207 1179 3298 p1aecipitem'
1208 3207 1314 3294 fugam
1345 3232 1420 3275 cum
1449 3231 1511 3274 sura

506 3399 508 3406 ,
572 3335 727 3420 cogitaret.
770 3330 919 3419 Quorum
940 3327 975 3392 in
998 3327 1088 3412 tergis
1110 3325 1236 3392 haerere
1258 3351 1360 3418 quum
1380 3329 1511 3394 maxime

560 3453 747 3523 'Mauritiani
771 3451 937 3535 gestirent,
959 3447 1081 3542 obstitit
1102 3447 1138 3510 iis
1159 3447 1416 3538 Princeps‘rec'te
1436 3469 1508 3514 nrob

571 3599 673 3658 nens,
696 3571 901 3665 praecipuum
931 3589 1031 3658 opus,
1067 3563 1216 3632 Covordii
1244 3563 1423 3647 obsidium,
1453 3589 1507 3632 re-

560 3694 688 3760 tardari
709 3717 773 3758 non
793 3689 917 3754 debere.

559 3831 562 3840 ’
616 3813 695 3880 Satis
714 3808 832 3878 laudari
852 3809 896 3872 in'
908 3829 943 3870 re
963 3804 1012 3870 illa
1034 3801 1168 3890 gerenda
1189 3806 1353 3896 utriusque
1374 3806 1509 3872 Nassavii

574 3931 703 3999 Comitis
720 3921 879 4019 intrepida
899 3924 998 3990 virtus
1018 3945 1083 3988 non
1102 3939 1223 4012 potest,
1253 3925 1371 4013 quiet
1388 3921 1511 3990 assiduo

573 4052 723 4122 militibus
744 4045 902 4113 affuemnt
925 4043 1050 4108 monitis
1084 4058 1116 4106 et
1152 4041 1437 4126 exhortationibus,
1465 4058 1509 4107 et

558 4175 647 4243 ²vero
680 4169 725 4235 nil
758 4187 823 4231 non
855 4161 1015 4245 lecerunt,
1041 4185 1109 4251 quo
1136 4163 1340 4253 impetuosam
1374 4162 1509 4229 hostium
