<?xml version="1.0" encoding="UTF-8"?>
<!DOCTYPE html PUBLIC "-//W3C//DTD XHTML 1.0 Transitional//EN"
    "http://www.w3.org/TR/xhtml1/DTD/xhtml1-transitional.dtd">
<html xmlns="http://www.w3.org/1999/xhtml" xml:lang="en" lang="en">
 <head>
  <title>
</title>
<meta http-equiv="Content-Type" content="text/html;charset=utf-8" />
  <meta name='ocr-system' content='tesseract 3.04.00' />
  <meta name='ocr-capabilities' content='ocr_page ocr_carea ocr_par ocr_line ocrx_word'/>
</head>
<body>
  <div class='ocr_page' id='page_1' title='image "./diatribeinguili00heusgoog_0230.png"; bbox 0 0 3456 5676; ppageno 0'>
   <div class='ocr_carea' id='block_1_1' title="bbox 1008 949 1072 1014">
    <p class='ocr_par' dir='ltr' id='par_1_1' title="bbox 1008 949 1072 1014">
     <span class='ocr_line' id='line_1_1' title="bbox 1008 949 1072 1014; baseline 0.031 -2"><span class='ocrx_word' id='word_1_1' title='bbox 1008 949 1072 1014; x_wconf 82' lang='lat'><strong>210</strong></span> 
     </span>
    </p>
   </div>
   <div class='ocr_carea' id='block_1_2' title="bbox 569 1121 1516 1454">
    <p class='ocr_par' dir='ltr' id='par_1_2' title="bbox 569 1121 1516 1454">
     <span class='ocr_line' id='line_1_2' title="bbox 569 1121 1514 1214; baseline -0.007 -24"><span class='ocrx_word' id='word_1_2' title='bbox 569 1144 600 1190; x_wconf 83' lang='lat' dir='ltr'><strong>et</strong></span> <span class='ocrx_word' id='word_1_3' title='bbox 613 1124 653 1191; x_wconf 89' lang='lat' dir='ltr'><strong>ad</strong></span> <span class='ocrx_word' id='word_1_4' title='bbox 673 1121 904 1210; x_wconf 79' lang='lat' dir='ltr'><strong>investiganda,</strong></span> <span class='ocrx_word' id='word_1_5' title='bbox 931 1143 1140 1214; x_wconf 84' lang='lat' dir='ltr'><strong>quaecunque</strong></span> <span class='ocrx_word' id='word_1_6' title='bbox 1162 1121 1275 1185; x_wconf 80' lang='lat' dir='ltr'><strong>servire</strong></span> <span class='ocrx_word' id='word_1_7' title='bbox 1296 1122 1413 1210; x_wconf 83' lang='lat' dir='ltr'><strong>patriae</strong></span> <span class='ocrx_word' id='word_1_8' title='bbox 1437 1141 1514 1211; x_wconf 90' lang='lat' dir='ltr'><strong>pos-</strong></span> 
     </span>
     <span class='ocr_line' id='line_1_3' title="bbox 569 1239 1514 1335; baseline -0.008 -25"><span class='ocrx_word' id='word_1_9' title='bbox 569 1263 658 1326; x_wconf 87' lang='lat' dir='ltr'><strong>seut,</strong></span> <span class='ocrx_word' id='word_1_10' title='bbox 683 1268 805 1334; x_wconf 86' lang='lat' dir='ltr'><strong>semper</strong></span> <span class='ocrx_word' id='word_1_11' title='bbox 837 1259 966 1335; x_wconf 87' lang='lat' dir='ltr'><strong>parato,</strong></span> <span class='ocrx_word' id='word_1_12' title='bbox 1002 1267 1019 1307; x_wconf 85' lang='lat' dir='ltr'><strong>e</strong></span> <span class='ocrx_word' id='word_1_13' title='bbox 1053 1258 1192 1308; x_wconf 86' lang='lat' dir='ltr'><strong>veterum</strong></span> <span class='ocrx_word' id='word_1_14' title='bbox 1223 1242 1424 1306; x_wconf 88' lang='lat' dir='ltr'><strong>monimentis</strong></span> <span class='ocrx_word' id='word_1_15' title='bbox 1452 1239 1514 1303; x_wconf 66' lang='lat' dir='ltr'><strong>de-⁵</strong></span> 
     </span>
     <span class='ocr_line' id='line_1_4' title="bbox 573 1357 1516 1454; baseline -0.004 -28"><span class='ocrx_word' id='word_1_16' title='bbox 573 1387 719 1454; x_wconf 80' lang='lat' dir='ltr'><strong>promere</strong></span> <span class='ocrx_word' id='word_1_17' title='bbox 750 1379 830 1426; x_wconf 88' lang='lat' dir='ltr'><strong>artes</strong></span> <span class='ocrx_word' id='word_1_18' title='bbox 856 1360 978 1426; x_wconf 84' lang='lat' dir='ltr'><strong>bellicas</strong></span> <span class='ocrx_word' id='word_1_19' title='bbox 1000 1357 1219 1424; x_wconf 80' lang='lat' dir='ltr'><strong>meditabatur.</strong></span> <span class='ocrx_word' id='word_1_20' title='bbox 1263 1361 1398 1426; x_wconf 89' lang='lat' dir='ltr'><strong>Noverat</strong></span> <span class='ocrx_word' id='word_1_21' title='bbox 1431 1361 1516 1424; x_wconf 84' lang='lat' dir='ltr'><strong>auti-</strong></span> 
     </span>
    </p>
   </div>
   <div class='ocr_carea' id='block_1_3' title="bbox 572 1476 1513 1572">
    <p class='ocr_par' dir='ltr' id='par_1_3' title="bbox 572 1476 1513 1572">
     <span class='ocr_line' id='line_1_5' title="bbox 572 1476 1513 1572; baseline -0.005 -25"><span class='ocrx_word' id='word_1_22' title='bbox 572 1507 710 1572; x_wconf 79' lang='lat' dir='ltr'><strong>quorum</strong></span> <span class='ocrx_word' id='word_1_23' title='bbox 735 1480 837 1547; x_wconf 86' lang='lat' dir='ltr'><strong>studia</strong></span> <span class='ocrx_word' id='word_1_24' title='bbox 860 1499 892 1546; x_wconf 89' lang='lat' dir='ltr'><strong>et</strong></span> <span class='ocrx_word' id='word_1_25' title='bbox 916 1481 1040 1546; x_wconf 83' lang='lat' dir='ltr'><strong>eximias</strong></span> <span class='ocrx_word' id='word_1_26' title='bbox 1064 1478 1188 1544; x_wconf 86' lang='lat' dir='ltr'><strong>militiae</strong></span> <span class='ocrx_word' id='word_1_27' title='bbox 1216 1476 1344 1546; x_wconf 82' lang='lat' dir='ltr'><strong>laudes:</strong></span> <span class='ocrx_word' id='word_1_28' title='bbox 1370 1477 1513 1570; x_wconf 82' lang='lat' dir='ltr'><strong>praeela-</strong></span> 
     </span>
    </p>
   </div>
   <div class='ocr_carea' id='block_1_4' title="bbox 571 1591 1518 1697">
    <p class='ocr_par' dir='ltr' id='par_1_4' title="bbox 571 1591 1518 1697">
     <span class='ocr_line' id='line_1_6' title="bbox 571 1591 1518 1697; baseline -0.004 -29"><span class='ocrx_word' id='word_1_29' title='bbox 571 1629 620 1668; x_wconf 89' lang='lat' dir='ltr'><strong>ras</strong></span> <span class='ocrx_word' id='word_1_30' title='bbox 642 1591 892 1697; x_wconf 60' lang='lat' dir='ltr'><strong>Graecorum&#39;et</strong></span> <span class='ocrx_word' id='word_1_31' title='bbox 912 1604 1128 1668; x_wconf 86' lang='lat' dir='ltr'><strong>Romanorum</strong></span> <span class='ocrx_word' id='word_1_32' title='bbox 1147 1623 1196 1664; x_wconf 88' lang='lat' dir='ltr'><strong>res</strong></span> <span class='ocrx_word' id='word_1_33' title='bbox 1217 1615 1313 1684; x_wconf 81' lang='lat' dir='ltr'><strong>gestas</strong></span> <span class='ocrx_word' id='word_1_34' title='bbox 1343 1596 1429 1664; x_wconf 91' lang='lat' dir='ltr'><strong>haud</strong></span> <span class='ocrx_word' id='word_1_35' title='bbox 1450 1601 1518 1664; x_wconf 88' lang='lat' dir='ltr'><strong>sine</strong></span> 
     </span>
    </p>
   </div>
   <div class='ocr_carea' id='block_1_5' title="bbox 572 1716 1526 3127">
    <p class='ocr_par' dir='ltr' id='par_1_5' title="bbox 572 1716 1526 3127">
     <span class='ocr_line' id='line_1_7' title="bbox 572 1716 1517 1808; baseline -0.006 -20"><span class='ocrx_word' id='word_1_36' title='bbox 572 1748 693 1788; x_wconf 88' lang='lat' dir='ltr'><strong>summa</strong></span> <span class='ocrx_word' id='word_1_37' title='bbox 716 1721 919 1788; x_wconf 84' lang='lat' dir='ltr'><strong>admiratione</strong></span> <span class='ocrx_word' id='word_1_38' title='bbox 943 1720 1118 1803; x_wconf 81' lang='lat' dir='ltr'><strong>recolebat,</strong></span> <span class='ocrx_word' id='word_1_39' title='bbox 1149 1716 1394 1808; x_wconf 82' lang='lat' dir='ltr'><strong>addiscebatque</strong></span> <span class='ocrx_word' id='word_1_40' title='bbox 1418 1719 1517 1784; x_wconf 81' lang='lat' dir='ltr'><strong>ratio-</strong></span> 
     </span>
     <span class='ocr_line' id='line_1_8' title="bbox 574 1839 1518 1933; baseline -0.003 -26"><span class='ocrx_word' id='word_1_41' title='bbox 574 1867 648 1926; x_wconf 87' lang='lat' dir='ltr'><strong>nes,</strong></span> <span class='ocrx_word' id='word_1_42' title='bbox 681 1843 797 1931; x_wconf 89' lang='lat' dir='ltr'><strong>quibus</strong></span> <span class='ocrx_word' id='word_1_43' title='bbox 834 1858 920 1906; x_wconf 90' lang='lat' dir='ltr'><strong>tauta</strong></span> <span class='ocrx_word' id='word_1_44' title='bbox 946 1840 991 1906; x_wconf 90' lang='lat' dir='ltr'><strong>illi</strong></span> <span class='ocrx_word' id='word_1_45' title='bbox 1022 1863 1169 1933; x_wconf 85' lang='lat' dir='ltr'><strong>peragere</strong></span> <span class='ocrx_word' id='word_1_46' title='bbox 1202 1840 1385 1930; x_wconf 83' lang='lat' dir='ltr'><strong>potuissent.</strong></span> <span class='ocrx_word' id='word_1_47' title='bbox 1450 1839 1518 1904; x_wconf 89' lang='lat' dir='ltr'><strong>Hac</strong></span> 
     </span>
     <span class='ocr_line' id='line_1_9' title="bbox 574 1957 1520 2046; baseline -0.001 -21"><span class='ocrx_word' id='word_1_48' title='bbox 574 1963 608 2026; x_wconf 86' lang='lat' dir='ltr'><strong>in</strong></span> <span class='ocrx_word' id='word_1_49' title='bbox 642 1985 676 2026; x_wconf 86' lang='lat' dir='ltr'><strong>re</strong></span> <span class='ocrx_word' id='word_1_50' title='bbox 707 1960 803 2026; x_wconf 85' lang='lat' dir='ltr'><strong>ardua</strong></span> <span class='ocrx_word' id='word_1_51' title='bbox 840 1985 932 2040; x_wconf 81' lang='lat' dir='ltr'><strong>sane,</strong></span> <span class='ocrx_word' id='word_1_52' title='bbox 965 1959 1018 2026; x_wconf 86' lang='lat' dir='ltr'><strong>sed</strong></span> <span class='ocrx_word' id='word_1_53' title='bbox 1050 1961 1140 2046; x_wconf 84' lang='lat' dir='ltr'><strong>longe</strong></span> <span class='ocrx_word' id='word_1_54' title='bbox 1176 1959 1333 2026; x_wconf 88' lang='lat' dir='ltr'><strong>utilissima</strong></span> <span class='ocrx_word' id='word_1_55' title='bbox 1365 1957 1520 2025; x_wconf 83' lang='lat' dir='ltr'><strong>Eberardi</strong></span> 
     </span>
     <span class='ocr_line' id='line_1_10' title="bbox 577 2078 1518 2173; baseline -0.003 -26"><span class='ocrx_word' id='word_1_56' title='bbox 577 2080 709 2148; x_wconf 83' lang='lat' dir='ltr'><strong>Reidaui</strong></span> <span class='ocrx_word' id='word_1_57' title='bbox 736 2083 832 2173; x_wconf 67' lang='lat' dir='ltr'><strong>operi</strong></span> <span class='ocrx_word' id='word_1_58' title='bbox 864 2105 937 2146; x_wconf 87' lang='lat' dir='ltr'><strong>usus</strong></span> <span class='ocrx_word' id='word_1_59' title='bbox 961 2097 1006 2146; x_wconf 88' lang='lat' dir='ltr'><strong>est</strong></span> <span class='ocrx_word' id='word_1_60' title='bbox 1031 2082 1095 2164; x_wconf 60' lang='grc' dir='ltr'><strong>(ί),</strong></span> <span class='ocrx_word' id='word_1_61' title='bbox 1129 2105 1270 2169; x_wconf 82' lang='lat' dir='ltr'><strong>quocum</strong></span> <span class='ocrx_word' id='word_1_62' title='bbox 1294 2078 1449 2146; x_wconf 85' lang='lat' dir='ltr'><strong>indefesso</strong></span> <span class='ocrx_word' id='word_1_63' title='bbox 1469 2079 1518 2144; x_wconf 88' lang='lat' dir='ltr'><strong>la-</strong></span> 
     </span>
     <span class='ocr_line' id='line_1_11' title="bbox 576 2203 1516 2293; baseline -0.001 -27"><span class='ocrx_word' id='word_1_64' title='bbox 576 2204 651 2266; x_wconf 90' lang='lat' dir='ltr'><strong>bore</strong></span> <span class='ocrx_word' id='word_1_65' title='bbox 692 2203 951 2291; x_wconf 88' lang='lat' dir='ltr'><strong>praestantissima</strong></span> <span class='ocrx_word' id='word_1_66' title='bbox 996 2203 1120 2292; x_wconf 86' lang='lat' dir='ltr'><strong>quaevis</strong></span> <span class='ocrx_word' id='word_1_67' title='bbox 1154 2225 1248 2293; x_wconf 82' lang='lat' dir='ltr'><strong>opem</strong></span> <span class='ocrx_word' id='word_1_68' title='bbox 1284 2217 1516 2292; x_wconf 78' lang='lat' dir='ltr'><strong>pomorutatus,</strong></span> 
     </span>
     <span class='ocr_line' id='line_1_12' title="bbox 577 2314 1523 2414; baseline 0.002 -30"><span class='ocrx_word' id='word_1_69' title='bbox 577 2320 719 2386; x_wconf 76' lang='lat' dir='ltr'><strong>adhibita</strong></span> <span class='ocrx_word' id='word_1_70' title='bbox 742 2323 939 2412; x_wconf 86' lang='lat' dir='ltr'><strong>potissimum</strong></span> <span class='ocrx_word' id='word_1_71' title='bbox 959 2314 1078 2388; x_wconf 75' lang='lat' dir='ltr'><strong>Leonis</strong></span> <span class='ocrx_word' id='word_1_72' title='bbox 1099 2323 1298 2414; x_wconf 82' lang='lat' dir='ltr'><strong>imperatoris</strong></span> <span class='ocrx_word' id='word_1_73' title='bbox 1320 2322 1434 2388; x_wconf 81' lang='lat' dir='ltr'><strong>Graeci</strong></span> <span class='ocrx_word' id='word_1_74' title='bbox 1458 2323 1523 2386; x_wconf 85' lang='lat' dir='ltr'><strong>mi·</strong></span> 
     </span>
     <span class='ocr_line' id='line_1_13' title="bbox 577 2439 1522 2534; baseline 0 -29"><span class='ocrx_word' id='word_1_75' title='bbox 577 2440 658 2505; x_wconf 86' lang='lat' dir='ltr'><strong>litari</strong></span> <span class='ocrx_word' id='word_1_76' title='bbox 681 2439 866 2534; x_wconf 62' lang='lat' dir='ltr'><strong>disciplinali,</strong></span> <span class='ocrx_word' id='word_1_77' title='bbox 890 2443 1123 2533; x_wconf 87' lang='lat' dir='ltr'><strong>Cornputium,</strong></span> <span class='ocrx_word' id='word_1_78' title='bbox 1147 2444 1250 2508; x_wconf 85' lang='lat' dir='ltr'><strong>virum</strong></span> <span class='ocrx_word' id='word_1_79' title='bbox 1272 2443 1522 2530; x_wconf 80' lang='lat' dir='ltr'><strong>solertissimum,</strong></span> 
     </span>
     <span class='ocr_line' id='line_1_14' title="bbox 578 2557 1526 2653; baseline 0 -29"><span class='ocrx_word' id='word_1_80' title='bbox 578 2561 691 2626; x_wconf 85' lang='lat' dir='ltr'><strong>laboris</strong></span> <span class='ocrx_word' id='word_1_81' title='bbox 703 2562 762 2626; x_wconf 90' lang='lat' dir='ltr'><strong>sibl</strong></span> <span class='ocrx_word' id='word_1_82' title='bbox 773 2560 888 2653; x_wconf 86' lang='lat' dir='ltr'><strong>reliqui</strong></span> <span class='ocrx_word' id='word_1_83' title='bbox 900 2559 1020 2626; x_wconf 88' lang='lat' dir='ltr'><strong>socium</strong></span> <span class='ocrx_word' id='word_1_84' title='bbox 1042 2577 1149 2650; x_wconf 87' lang='lat' dir='ltr'><strong>petere</strong></span> <span class='ocrx_word' id='word_1_85' title='bbox 1168 2557 1296 2628; x_wconf 81' lang='lat' dir='ltr'><strong>solebat.</strong></span> <span class='ocrx_word' id='word_1_86' title='bbox 1312 2563 1360 2625; x_wconf 65' lang='lat' dir='ltr'><strong>&#39;In</strong></span> <span class='ocrx_word' id='word_1_87' title='bbox 1372 2561 1420 2624; x_wconf 89' lang='lat' dir='ltr'><strong>his</strong></span> <span class='ocrx_word' id='word_1_88' title='bbox 1429 2561 1526 2644; x_wconf 85' lang='lat' dir='ltr'><strong>igitur</strong></span> 
     </span>
     <span class='ocr_line' id='line_1_15' title="bbox 578 2671 1521 2770; baseline -0.001 -25"><span class='ocrx_word' id='word_1_89' title='bbox 578 2679 618 2745; x_wconf 91' lang='lat' dir='ltr'><strong>ad</strong></span> <span class='ocrx_word' id='word_1_90' title='bbox 629 2671 772 2766; x_wconf 49' lang='lat' dir='ltr'><strong>&#39;egregios</strong></span> <span class='ocrx_word' id='word_1_91' title='bbox 789 2679 1021 2748; x_wconf 79' lang='lat' dir='ltr'><strong>foederatorum</strong></span> <span class='ocrx_word' id='word_1_92' title='bbox 1043 2705 1116 2745; x_wconf 89' lang='lat' dir='ltr'><strong>usus</strong></span> <span class='ocrx_word' id='word_1_93' title='bbox 1127 2678 1346 2747; x_wconf 85' lang='lat' dir='ltr'><strong>convertendis</strong></span> <span class='ocrx_word' id='word_1_94' title='bbox 1360 2705 1461 2770; x_wconf 89' lang='lat' dir='ltr'><strong>quum</strong></span> <span class='ocrx_word' id='word_1_95' title='bbox 1469 2679 1521 2744; x_wconf 84' lang='lat' dir='ltr'><strong>l&#39;o·</strong></span> 
     </span>
     <span class='ocr_line' id='line_1_16' title="bbox 578 2798 1520 2890; baseline -0.003 -25"><span class='ocrx_word' id='word_1_96' title='bbox 578 2802 620 2865; x_wconf 86' lang='lat' dir='ltr'><strong>ris</strong></span> <span class='ocrx_word' id='word_1_97' title='bbox 633 2815 664 2864; x_wconf 89' lang='lat' dir='ltr'><strong>et</strong></span> <span class='ocrx_word' id='word_1_98' title='bbox 675 2799 761 2866; x_wconf 80' lang='lat' dir='ltr'><strong>&lt;lomi</strong></span> <span class='ocrx_word' id='word_1_99' title='bbox 773 2798 829 2864; x_wconf 87' lang='lat' dir='ltr'><strong>diu</strong></span> <span class='ocrx_word' id='word_1_100' title='bbox 848 2817 1018 2890; x_wconf 75' lang='lat' dir='ltr'><strong>occupatus</strong></span> <span class='ocrx_word' id='word_1_101' title='bbox 1042 2799 1169 2883; x_wconf 85' lang='lat' dir='ltr'><strong>fuisset,</strong></span> <span class='ocrx_word' id='word_1_102' title='bbox 1193 2799 1385 2889; x_wconf 85' lang='lat' dir='ltr'><strong>tandemque</strong></span> <span class='ocrx_word' id='word_1_103' title='bbox 1395 2821 1520 2874; x_wconf 77' lang='lat' dir='ltr'><strong>sucees-</strong></span> 
     </span>
     <span class='ocr_line' id='line_1_17' title="bbox 580 2907 1523 3008; baseline -0.001 -25"><span class='ocrx_word' id='word_1_104' title='bbox 580 2907 688 2984; x_wconf 80' lang='lat' dir='ltr'><strong>sissent</strong></span> <span class='ocrx_word' id='word_1_105' title='bbox 698 2935 827 2984; x_wconf 88' lang='lat' dir='ltr'><strong>conatus</strong></span> <span class='ocrx_word' id='word_1_106' title='bbox 835 2969 845 3001; x_wconf 86' lang='lat'><strong><em>,</em></strong></span> <span class='ocrx_word' id='word_1_107' title='bbox 852 2918 963 2983; x_wconf 88' lang='lat' dir='ltr'><strong>milites</strong></span> <span class='ocrx_word' id='word_1_108' title='bbox 975 2943 1045 2984; x_wconf 89' lang='lat' dir='ltr'><strong>suos</strong></span> <span class='ocrx_word' id='word_1_109' title='bbox 1054 2921 1201 3008; x_wconf 86' lang='lat' dir='ltr'><strong>antiquae</strong></span> <span class='ocrx_word' id='word_1_110' title='bbox 1211 2919 1336 2988; x_wconf 85' lang='lat' dir='ltr'><strong>militiae</strong></span> <span class='ocrx_word' id='word_1_111' title='bbox 1344 2919 1523 2984; x_wconf 79' lang='lat' dir='ltr'><strong>informan-</strong></span> 
     </span>
     <span class='ocr_line' id='line_1_18' title="bbox 580 3037 1526 3127; baseline 0 -25"><span class='ocrx_word' id='word_1_112' title='bbox 580 3037 636 3105; x_wconf 92' lang='lat' dir='ltr'><strong>dos</strong></span> <span class='ocrx_word' id='word_1_113' title='bbox 648 3039 766 3103; x_wconf 88' lang='lat' dir='ltr'><strong>artibus</strong></span> <span class='ocrx_word' id='word_1_114' title='bbox 787 3039 915 3104; x_wconf 89' lang='lat' dir='ltr'><strong>curavit.</strong></span> <span class='ocrx_word' id='word_1_115' title='bbox 945 3039 1134 3104; x_wconf 83' lang='lat' dir='ltr'><strong>Monstravit</strong></span> <span class='ocrx_word' id='word_1_116' title='bbox 1146 3041 1244 3106; x_wconf 90' lang='lat' dir='ltr'><strong>varios</strong></span> <span class='ocrx_word' id='word_1_117' title='bbox 1257 3037 1383 3119; x_wconf 84' lang='lat' dir='ltr'><strong>modos,</strong></span> <span class='ocrx_word' id='word_1_118' title='bbox 1408 3039 1526 3127; x_wconf 84' lang='lat' dir='ltr'><strong>quibus</strong></span> 
     </span>
    </p>
   </div>
   <div class='ocr_carea' id='block_1_6' title="bbox 577 3203 903 3218">
    <p class='ocr_par' dir='ltr' id='par_1_6' title="bbox 577 3203 903 3218">
     <span class='ocr_line' id='line_1_19' title="bbox 577 3203 903 3218; baseline -0.012 0"><span class='ocrx_word' id='word_1_119' title='bbox 577 3206 726 3218; x_wconf 54' lang='grc' dir='ltr'><strong>σου*</strong></span> <span class='ocrx_word' id='word_1_120' title='bbox 730 3203 903 3215; x_wconf 45' lang='grc' dir='ltr'><strong>*βυ-ψ·</strong></span> 
     </span>
    </p>
   </div>
   <div class='ocr_carea' id='block_1_7' title="bbox 583 3285 1564 4336">
    <p class='ocr_par' dir='ltr' id='par_1_7' title="bbox 583 3285 1564 4336">
     <span class='ocr_line' id='line_1_20' title="bbox 620 3285 1525 3356; baseline -0.003 -18"><span class='ocrx_word' id='word_1_121' title='bbox 620 3290 661 3355; x_wconf 81' lang='grc' dir='ltr'><strong>(ι)</strong></span> <span class='ocrx_word' id='word_1_122' title='bbox 681 3287 806 3338; x_wconf 84' lang='lat' dir='ltr'><strong>Modeste</strong></span> <span class='ocrx_word' id='word_1_123' title='bbox 829 3289 896 3339; x_wconf 83' lang='lat' dir='ltr'><strong>hartc</strong></span> <span class='ocrx_word' id='word_1_124' title='bbox 917 3306 1026 3355; x_wconf 85' lang='lat' dir='ltr'><strong>operam</strong></span> <span class='ocrx_word' id='word_1_125' title='bbox 1050 3307 1121 3342; x_wconf 85' lang='lat' dir='ltr'><strong>suom</strong></span> <span class='ocrx_word' id='word_1_126' title='bbox 1135 3290 1234 3342; x_wconf 78' lang='lat' dir='ltr'><strong>reticet</strong></span> <span class='ocrx_word' id='word_1_127' title='bbox 1246 3291 1381 3342; x_wconf 80' lang='lat' dir='ltr'><strong>lleidauus</strong></span> <span class='ocrx_word' id='word_1_128' title='bbox 1395 3289 1427 3356; x_wconf 91' lang='lat' dir='ltr'><strong>(l.</strong></span> <span class='ocrx_word' id='word_1_129' title='bbox 1440 3285 1525 3338; x_wconf 86' lang='lat' dir='ltr'><strong>Vlll.</strong></span> 
     </span>
     <span class='ocr_line' id='line_1_21' title="bbox 583 3376 1527 3449; baseline -0.006 -18"><span class='ocrx_word' id='word_1_130' title='bbox 583 3397 612 3444; x_wconf 83' lang='lat' dir='ltr'><strong>p.</strong></span> <span class='ocrx_word' id='word_1_131' title='bbox 631 3380 712 3441; x_wconf 79' lang='lat'><strong>162),</strong></span> <span class='ocrx_word' id='word_1_132' title='bbox 733 3379 817 3428; x_wconf 83' lang='lat' dir='ltr'><strong>relert</strong></span> <span class='ocrx_word' id='word_1_133' title='bbox 829 3377 970 3443; x_wconf 84' lang='lat' dir='ltr'><strong>Emmius,</strong></span> <span class='ocrx_word' id='word_1_134' title='bbox 990 3397 1017 3445; x_wconf 86' lang='lat' dir='ltr'><strong>p.</strong></span> <span class='ocrx_word' id='word_1_135' title='bbox 1036 3379 1095 3449; x_wconf 77' lang='lat'><strong>237.</strong></span> <span class='ocrx_word' id='word_1_136' title='bbox 1114 3387 1142 3431; x_wconf 83' lang='lat' dir='ltr'><strong>et</strong></span> <span class='ocrx_word' id='word_1_137' title='bbox 1163 3397 1214 3432; x_wconf 88' lang='lat' dir='ltr'><strong>van</strong></span> <span class='ocrx_word' id='word_1_138' title='bbox 1232 3380 1322 3430; x_wconf 85' lang='lat' dir='ltr'><strong>Harou</strong></span> <span class='ocrx_word' id='word_1_139' title='bbox 1342 3381 1370 3428; x_wconf 90' lang='lat' dir='ltr'><strong>in</strong></span> <span class='ocrx_word' id='word_1_140' title='bbox 1383 3395 1427 3441; x_wconf 81' lang='grc' dir='ltr'><strong>ορ.</strong></span> <span class='ocrx_word' id='word_1_141' title='bbox 1448 3376 1527 3426; x_wconf 77' lang='lat' dir='ltr'><strong>Wil-</strong></span> 
     </span>
     <span class='ocr_line' id='line_1_22' title="bbox 586 3467 1527 3539; baseline 0.001 -25"><span class='ocrx_word' id='word_1_142' title='bbox 586 3469 638 3524; x_wconf 82' lang='lat' dir='ltr'><strong>lem</strong></span> <span class='ocrx_word' id='word_1_143' title='bbox 666 3467 688 3517; x_wconf 91' lang='lat' dir='ltr'><strong>l.</strong></span> <span class='ocrx_word' id='word_1_144' title='bbox 722 3470 821 3539; x_wconf 77' lang='lat' dir='ltr'><strong>Grues</strong></span> <span class='ocrx_word' id='word_1_145' title='bbox 837 3469 976 3536; x_wconf 72' lang='lat' dir='ltr'><strong>Lodewtjlr</strong></span> <span class='ocrx_word' id='word_1_146' title='bbox 995 3487 1050 3519; x_wconf 81' lang='lat' dir='ltr'><strong>vau</strong></span> <span class='ocrx_word' id='word_1_147' title='bbox 1071 3472 1203 3532; x_wconf 76' lang='lat' dir='ltr'><strong>Nasson,</strong></span> <span class='ocrx_word' id='word_1_148' title='bbox 1236 3472 1311 3521; x_wconf 79' lang='lat' dir='ltr'><strong>Lur&#39;t.</strong></span> <span class='ocrx_word' id='word_1_149' title='bbox 1343 3468 1442 3520; x_wconf 81' lang='lat' dir='ltr'><strong>Statllt.</strong></span> <span class='ocrx_word' id='word_1_150' title='bbox 1470 3484 1527 3516; x_wconf 80' lang='lat' dir='ltr'><strong>van</strong></span> 
     </span>
     <span class='ocr_line' id='line_1_23' title="bbox 593 3555 1531 3626; baseline -0.003 -18"><span class='ocrx_word' id='word_1_151' title='bbox 593 3557 707 3608; x_wconf 79' lang='lat' dir='ltr'><strong>Willem</strong></span> <span class='ocrx_word' id='word_1_152' title='bbox 735 3557 747 3608; x_wconf 92' lang='lat' dir='ltr'><strong>l</strong></span> <span class='ocrx_word' id='word_1_153' title='bbox 774 3559 803 3607; x_wconf 85' lang='lat' dir='ltr'><strong>iu</strong></span> <span class='ocrx_word' id='word_1_154' title='bbox 826 3559 994 3622; x_wconf 81' lang='lat' dir='ltr'><strong>Frierland,</strong></span> <span class='ocrx_word' id='word_1_155' title='bbox 1029 3577 1089 3610; x_wconf 74' lang='lat' dir='ltr'><strong>war</strong></span> <span class='ocrx_word' id='word_1_156' title='bbox 1112 3561 1144 3610; x_wconf 86' lang='lat' dir='ltr'><strong>de</strong></span> <span class='ocrx_word' id='word_1_157' title='bbox 1164 3569 1252 3610; x_wconf 75' lang='lat' dir='ltr'><strong>cerate</strong></span> <span class='ocrx_word' id='word_1_158' title='bbox 1269 3577 1307 3611; x_wconf 82' lang='lat' dir='ltr'><strong>na</strong></span> <span class='ocrx_word' id='word_1_159' title='bbox 1324 3561 1355 3610; x_wconf 85' lang='lat' dir='ltr'><strong>de</strong></span> <span class='ocrx_word' id='word_1_160' title='bbox 1375 3559 1462 3626; x_wconf 65' lang='lat' dir='ltr'><strong>tq&#39;llen</strong></span> <span class='ocrx_word' id='word_1_161' title='bbox 1482 3555 1531 3606; x_wconf 85' lang='lat' dir='ltr'><strong>der</strong></span> 
     </span>
     <span class='ocr_line' id='line_1_24' title="bbox 587 3645 1564 3722; baseline 0 -27"><span class='ocrx_word' id='word_1_162' title='bbox 587 3648 759 3722; x_wconf 66' lang='lat' dir='ltr'><strong>Remorum,</strong></span> <span class='ocrx_word' id='word_1_163' title='bbox 790 3647 834 3697; x_wconf 80' lang='lat' dir='ltr'><strong>die</strong></span> <span class='ocrx_word' id='word_1_164' title='bbox 855 3649 887 3698; x_wconf 83' lang='lat' dir='ltr'><strong>de</strong></span> <span class='ocrx_word' id='word_1_165' title='bbox 908 3647 1015 3698; x_wconf 77' lang='lat' dir='ltr'><strong>tallielc</strong></span> <span class='ocrx_word' id='word_1_166' title='bbox 1030 3648 1199 3700; x_wconf 77' lang='lat' dir='ltr'><strong>bestudeerd</strong></span> <span class='ocrx_word' id='word_1_167' title='bbox 1226 3667 1259 3700; x_wconf 83' lang='lat' dir='ltr'><strong>en</strong></span> <span class='ocrx_word' id='word_1_168' title='bbox 1281 3650 1310 3703; x_wconf 82' lang='lat' dir='ltr'><strong>in</strong></span> <span class='ocrx_word' id='word_1_169' title='bbox 1334 3645 1459 3717; x_wconf 77' lang='lat' dir='ltr'><strong>pralrtr‘jk</strong></span> <span class='ocrx_word' id='word_1_170' title='bbox 1476 3663 1531 3714; x_wconf 80' lang='lat' dir='ltr'><strong>ge·</strong></span> <span class='ocrx_word' id='word_1_171' title='bbox 1559 3649 1564 3658; x_wconf 95' lang='lat'>&#39;</span> 
     </span>
     <span class='ocr_line' id='line_1_25' title="bbox 588 3733 1533 3806; baseline -0.006 -18"><span class='ocrx_word' id='word_1_172' title='bbox 588 3737 670 3805; x_wconf 78' lang='lat' dir='ltr'><strong>bragt</strong></span> <span class='ocrx_word' id='word_1_173' title='bbox 691 3736 779 3806; x_wconf 66' lang='lat' dir='ltr'><strong>heeft.</strong></span> <span class='ocrx_word' id='word_1_174' title='bbox 823 3737 909 3803; x_wconf 75' lang='lat' dir='ltr'><strong>Iletjd</strong></span> <span class='ocrx_word' id='word_1_175' title='bbox 928 3744 1001 3788; x_wconf 78' lang='lat' dir='ltr'><strong>zetle</strong></span> <span class='ocrx_word' id='word_1_176' title='bbox 1027 3743 1055 3788; x_wconf 75' lang='lat' dir='ltr'><strong>te</strong></span> <span class='ocrx_word' id='word_1_177' title='bbox 1077 3737 1141 3788; x_wconf 83' lang='lat' dir='ltr'><strong>dien</strong></span> <span class='ocrx_word' id='word_1_178' title='bbox 1162 3738 1243 3788; x_wconf 78' lang='lat' dir='ltr'><strong>einde</strong></span> <span class='ocrx_word' id='word_1_179' title='bbox 1263 3737 1312 3786; x_wconf 64' lang='lat' dir='ltr'><strong>uit,</strong></span> <span class='ocrx_word' id='word_1_180' title='bbox 1328 3736 1360 3786; x_wconf 82' lang='lat' dir='ltr'><strong>tle</strong></span> <span class='ocrx_word' id='word_1_181' title='bbox 1385 3733 1533 3785; x_wconf 78' lang='lat' dir='ltr'><strong>Grieleclte</strong></span> 
     </span>
     <span class='ocr_line' id='line_1_26' title="bbox 589 3822 1534 3892; baseline -0.003 -18"><span class='ocrx_word' id='word_1_182' title='bbox 589 3843 624 3875; x_wconf 85' lang='lat' dir='ltr'><strong>en</strong></span> <span class='ocrx_word' id='word_1_183' title='bbox 641 3825 826 3875; x_wconf 82' lang='lat' dir='ltr'><strong>Romeinsclte</strong></span> <span class='ocrx_word' id='word_1_184' title='bbox 846 3825 995 3892; x_wconf 74' lang='lat' dir='ltr'><strong>achnj‘vera</strong></span> <span class='ocrx_word' id='word_1_185' title='bbox 1014 3843 1081 3875; x_wconf 81' lang='lat' dir='ltr'><strong>voor</strong></span> <span class='ocrx_word' id='word_1_186' title='bbox 1101 3826 1163 3876; x_wconf 80' lang='lat' dir='ltr'><strong>Item</strong></span> <span class='ocrx_word' id='word_1_187' title='bbox 1181 3843 1261 3888; x_wconf 83' lang='lat' dir='ltr'><strong>over,</strong></span> <span class='ocrx_word' id='word_1_188' title='bbox 1290 3825 1322 3874; x_wconf 81' lang='lat' dir='ltr'><strong>al</strong></span> <span class='ocrx_word' id='word_1_189' title='bbox 1340 3833 1397 3874; x_wconf 75' lang='lat' dir='ltr'><strong>saut</strong></span> <span class='ocrx_word' id='word_1_190' title='bbox 1419 3832 1463 3872; x_wconf 81' lang='lat' dir='ltr'><strong>tot</strong></span> <span class='ocrx_word' id='word_1_191' title='bbox 1486 3822 1534 3872; x_wconf 81' lang='lat' dir='ltr'><strong>Iret</strong></span> 
     </span>
     <span class='ocr_line' id='line_1_27' title="bbox 591 3895 1560 3984; baseline -0.001 -23"><span class='ocrx_word' id='word_1_192' title='bbox 591 3912 731 3963; x_wconf 84' lang='lat' dir='ltr'><strong>militaire</strong></span> <span class='ocrx_word' id='word_1_193' title='bbox 747 3911 909 3982; x_wconf 75' lang='lat' dir='ltr'><strong>hetrellt&#39;ng</strong></span> <span class='ocrx_word' id='word_1_194' title='bbox 928 3914 1001 3976; x_wconf 70' lang='lat' dir='ltr'><strong>lead,</strong></span> <span class='ocrx_word' id='word_1_195' title='bbox 1027 3931 1144 3964; x_wconf 82' lang='lat' dir='ltr'><strong>wuarna</strong></span> <span class='ocrx_word' id='word_1_196' title='bbox 1163 3915 1195 3964; x_wconf 84' lang='lat' dir='ltr'><strong>de</strong></span> <span class='ocrx_word' id='word_1_197' title='bbox 1221 3914 1321 3984; x_wconf 84' lang='lat' dir='ltr'><strong>Graaf</strong></span> <span class='ocrx_word' id='word_1_198' title='bbox 1337 3913 1380 3962; x_wconf 81' lang='lat' dir='ltr'><strong>die</strong></span> <span class='ocrx_word' id='word_1_199' title='bbox 1400 3895 1533 3962; x_wconf 64' lang='lat' dir='ltr'><strong>verhaleu</strong></span> <span class='ocrx_word' id='word_1_200' title='bbox 1557 3966 1560 3976; x_wconf 38' lang='grc' dir='ltr'>Ι</span> 
     </span>
     <span class='ocr_line' id='line_1_28' title="bbox 593 4001 1536 4073; baseline -0.002 -22"><span class='ocrx_word' id='word_1_201' title='bbox 593 4010 648 4052; x_wconf 79' lang='lat' dir='ltr'><strong>met</strong></span> <span class='ocrx_word' id='word_1_202' title='bbox 664 4003 716 4052; x_wconf 85' lang='lat' dir='ltr'><strong>den</strong></span> <span class='ocrx_word' id='word_1_203' title='bbox 739 4003 852 4052; x_wconf 79' lang='lat' dir='ltr'><strong>Overrte</strong></span> <span class='ocrx_word' id='word_1_204' title='bbox 863 4005 1000 4072; x_wconf 81' lang='lat' dir='ltr'><strong>&#39;Cornput</strong></span> <span class='ocrx_word' id='word_1_205' title='bbox 1020 4003 1137 4072; x_wconf 81' lang='lat' dir='ltr'><strong>naging.</strong></span> <span class='ocrx_word' id='word_1_206' title='bbox 1172 4002 1227 4054; x_wconf 77' lang='lat' dir='ltr'><strong>Dte</strong></span> <span class='ocrx_word' id='word_1_207' title='bbox 1244 4001 1408 4073; x_wconf 81' lang='lat' dir='ltr'><strong>geaclu&#39;edde</strong></span> <span class='ocrx_word' id='word_1_208' title='bbox 1424 4017 1460 4068; x_wconf 75' lang='lat' dir='ltr'><strong>op</strong></span> <span class='ocrx_word' id='word_1_209' title='bbox 1472 4017 1536 4050; x_wconf 81' lang='lat' dir='ltr'><strong>eene</strong></span> 
     </span>
     <span class='ocr_line' id='line_1_29' title="bbox 590 4091 1536 4162; baseline -0.004 -20"><span class='ocrx_word' id='word_1_210' title='bbox 590 4091 795 4162; x_wconf 35' lang='lat' dir='ltr'><strong>grootertasess</strong></span> <span class='ocrx_word' id='word_1_211' title='bbox 814 4109 931 4161; x_wconf 81' lang='lat' dir='ltr'><strong>waarop</strong></span> <span class='ocrx_word' id='word_1_212' title='bbox 949 4091 1006 4143; x_wconf 78' lang='lat' dir='ltr'><strong>alla</strong></span> <span class='ocrx_word' id='word_1_213' title='bbox 1029 4092 1208 4144; x_wconf 79' lang='lat' dir='ltr'><strong>evolutieniu</strong></span> <span class='ocrx_word' id='word_1_214' title='bbox 1220 4093 1318 4144; x_wconf 75' lang='lat' dir='ltr'><strong>leedan</strong></span> <span class='ocrx_word' id='word_1_215' title='bbox 1337 4091 1467 4152; x_wconf 79' lang='lat' dir='ltr'><strong>beelden,</strong></span> <span class='ocrx_word' id='word_1_216' title='bbox 1486 4106 1536 4139; x_wconf 66' lang='grc' dir='ltr'><strong>τοο</strong></span> 
     </span>
     <span class='ocr_line' id='line_1_30' title="bbox 592 4178 1536 4250; baseline -0.006 -16"><span class='ocrx_word' id='word_1_217' title='bbox 592 4180 653 4234; x_wconf 78' lang='lat' dir='ltr'><strong>veel</strong></span> <span class='ocrx_word' id='word_1_218' title='bbox 669 4179 796 4248; x_wconf 61' lang='lat' dir='ltr'><strong>mogelu&#39;k</strong></span> <span class='ocrx_word' id='word_1_219' title='bbox 817 4180 925 4232; x_wconf 75' lang='lat' dir='ltr'><strong>werden</strong></span> <span class='ocrx_word' id='word_1_220' title='bbox 942 4180 1101 4250; x_wconf 69' lang='lat' dir='ltr'><strong>nugerolgd</strong></span> <span class='ocrx_word' id='word_1_221' title='bbox 1119 4201 1153 4232; x_wconf 83' lang='lat' dir='ltr'><strong>en</strong></span> <span class='ocrx_word' id='word_1_222' title='bbox 1180 4181 1355 4233; x_wconf 84' lang='lat' dir='ltr'><strong>onderzocltt.</strong></span> <span class='ocrx_word' id='word_1_223' title='bbox 1386 4207 1419 4220; x_wconf 85' lang='lat'><strong>·-</strong></span> <span class='ocrx_word' id='word_1_224' title='bbox 1445 4178 1488 4229; x_wconf 87' lang='lat' dir='ltr'><strong>Cl.</strong></span> <span class='ocrx_word' id='word_1_225' title='bbox 1510 4178 1536 4230; x_wconf 85' lang='lat' dir='ltr'><strong>J.</strong></span> 
     </span>
     <span class='ocr_line' id='line_1_31' title="bbox 592 4267 1152 4336; baseline 0.004 -20"><span class='ocrx_word' id='word_1_226' title='bbox 592 4267 708 4320; x_wconf 78' lang='lat' dir='ltr'><strong>Bossclra</strong></span> <span class='ocrx_word' id='word_1_227' title='bbox 737 4267 828 4318; x_wconf 66' lang='lat' dir='ltr'><strong>Netrl.</strong></span> <span class='ocrx_word' id='word_1_228' title='bbox 848 4269 931 4322; x_wconf 73' lang='lat' dir='ltr'><strong>Helu.</strong></span> <span class='ocrx_word' id='word_1_229' title='bbox 950 4285 977 4335; x_wconf 85' lang='lat' dir='ltr'><strong>p.</strong></span> <span class='ocrx_word' id='word_1_230' title='bbox 997 4269 1056 4336; x_wconf 82' lang='lat'><strong>274.</strong></span> <span class='ocrx_word' id='word_1_231' title='bbox 1077 4287 1152 4336; x_wconf 82' lang='lat' dir='ltr'><strong>seqq.</strong></span> 
     </span>
    </p>
   </div>
   <div class='ocr_carea' id='block_1_8' title="bbox 0 0 1761 5676">
    <p class='ocr_par' dir='ltr' id='par_1_8' title="bbox 0 0 1761 5676">
     <span class='ocr_line' id='line_1_32' title="bbox 0 0 1761 5676; baseline 0 0"><span class='ocrx_word' id='word_1_232' title='bbox 0 0 1761 5676; x_wconf 95' lang='lat' dir='ltr'><strong> </strong></span> 
     </span>
    </p>
   </div>
  </div>
 </body>
</html>
