3456 5676
1001 907 1059 965 256

566 1065 611 1128 rei
635 1069 773 1128 militaris
800 1067 955 1146 peritiam,
988 1075 1018 1124 et
1044 1067 1176 1124 animum
1195 1085 1363 1144 corpusque
1384 1083 1439 1146 pro
1460 1087 1506 1128 sa·

566 1171 630 1228 lute
661 1180 761 1229 nostra
787 1169 946 1240 devotum,
987 1186 1068 1226 nuuc
1096 1167 1185 1226 etiam
1211 1168 1390 1247 prudentiae
1420 1177 1503 1241 tuae,

567 1269 791 1341 sollicitudinis,
814 1277 846 1326 et
863 1287 963 1326 rerum
986 1276 1079 1326 status
1102 1268 1326 1329 tractandarum
1347 1272 1504 1348 experien-

566 1373 625 1432 tiae
650 1372 820 1450 periculum
849 1371 1004 1438 lecerunt,
1037 1379 1071 1428 ut
1089 1369 1187 1429 adhuc
1215 1371 1308 1430 animi
1336 1372 1486 1450 pendeant
1484 1417 1502 1458 4

564 1483 667 1533 utrum
693 1473 817 1532 militari
841 1470 1034 1542 fortitudine,
1058 1487 1097 1530 an
1112 1471 1236 1549 politica
1253 1474 1399 1551 sapientia
1416 1493 1503 1552 prae·

564 1575 690 1636 stantior
716 1576 764 1634 sis.
825 1573 889 1632 Non
919 1582 964 1631 cst
994 1571 1052 1631 hoc
1065 1573 1172 1632 solum
1202 1573 1399 1634 lllustrissimi
1422 1575 1504 1636 illius

563 1695 713 1736 consessus
726 1674 891 1752 judicium,
915 1691 954 1732 ne
974 1692 1076 1733 amore
1094 1674 1161 1733 illos
1181 1684 1213 1733 et
1231 1675 1440 1738 benevolentia
1459 1678 1502 1738 sic

563 1796 666 1837 errare
694 1777 787 1854 magis
815 1795 905 1854 quam
937 1775 1050 1835 sentire
1080 1775 1238 1846 existimes.
1301 1778 1383 1838 Idem
1410 1779 1447 1838 de
1475 1791 1505 1840 te

559 1879 709 1955 judicant,
753 1879 806 1957 qui
838 1877 1073 1956 splendidissimo
1105 1877 1155 1937 isti
1187 1881 1350 1939 conventui
1378 1883 1504 1942 consilio

563 1991 593 2040 et
613 1981 714 2040 favore
732 2000 786 2039 suo
807 1980 988 2040 adstiterunt
1010 1979 1249 2038 christianissimi
1269 1983 1431 2043 Galliarmn
1442 1985 1502 2044 Re·

560 2083 605 2161 gis
627 2082 747 2141 lleurici
774 2080 814 2140 tv
845 2081 1007 2160 Sapientis,
1050 2080 1251 2141 Potentissimi
1282 2083 1406 2162 Magnae
1433 2085 1499 2144 art-

563 2185 683 2244 tanniac
710 2182 799 2260 Regis
825 2182 931 2243 lacobi
958 2182 998 2241 Vl
1028 2181 1146 2242 Pacifici
1167 2183 1304 2244 Illustres
1325 2195 1356 2244 ct
1383 2187 1500 2266 sapien-

561 2287 665 2346 tissimi
692 2285 793 2362 legati.
843 2285 926 2343 Idem
955 2283 1089 2344 fatentur
1124 2283 1261 2344 Illustres
1293 2286 1500 2349 serenissimo·

458 2393 460 2398 '
560 2409 628 2448 ratu
657 2387 860 2447 llrohiducum
887 2387 968 2465 pacis
994 2386 1195 2446 conficiendae
1222 2389 1436 2467 Quinqucviri:
1470 2404 1500 2450 et

559 2493 583 2550 si
605 2491 700 2568 majus
729 2488 870 2567 quiddam
896 2487 1000 2548 audire
1020 2487 1161 2558 sustines,
1195 2489 1377 2566 profitentur
1401 2492 1499 2552 incre-

560 2592 646 2651 dibili
666 2601 735 2650 tuae
762 2589 956 2669 prudentiae,
990 2588 1149 2648 modestiae
1170 2599 1200 2648 et
1229 2591 1397 2650 animorum
1426 2614 1497 2654 ocn-

560 2692 757 2752 ciliandorum
780 2691 906 2769 peritiae
931 2691 1089 2750 maximam
1117 2699 1233 2769 partem
1263 2692 1384 2765 deberi,
1419 2695 1499 2773 quod

560 2794 697 2871 Belgicae
726 2791 900 2852 Provinciae
929 2802 989 2852 tam
1018 2792 1163 2850 diuturno
1197 2792 1280 2851 civili
1308 2794 1393 2856 'bello
1423 2816 1499 2875 pene

559 2895 737 2965 exhaustae,
774 2903 806 2951 et
833 2895 942 2970 prioris
966 2894 1151 2964 foelicitatis,
1196 2905 1227 2954 et
1252 2900 1497 2958 commerciorum

561 2995 687 3066 oblitae,
711 2992 901 3072 optatissimis
921 2992 1003 3052 hisce
1022 3013 1171 3053 annorum
1189 2996 1316 3056 induciis
1333 2999 1372 3058 ad
1396 3001 1498 3078 pristi-

559 3116 628 3156 nam
657 3094 867 3165 foelicitatem,
910 3105 942 3152 et
968 3095 1150 3166 animorum,
1193 3101 1500 3181 commerciorumque

564 3195 865 3259 communicationem
883 3194 1035 3273 adspirare
1053 3216 1114 3256 non
1135 3210 1305 3260 vereantur.
1326 3236 1404 3250 —-

800 3387 912 3397 ..v-...u-

560 3503 606 3563 ss
624 3524 653 3583 p.
678 3505 744 3565 ras.

717 3663 758 3723 Le
778 3663 841 3742 lloy
861 3665 1066 3744 d’Arrpleterre
1093 3679 1185 3748 synart
1202 3679 1350 3749 concoquat
1368 3673 1394 3730 lc
1418 3674 1495 3733 ota·
1533 3651 1537 3660 ⁴

751 3765 832 3846 pitre
852 3767 902 3824 des
923 3767 1092 3847 Cleopls‘era
1120 3771 1155 3827 de
1175 3770 1297 3830 l'Ordrc
1318 3775 1354 3830 da
1376 3775 1404 3832 la
1423 3776 1494 3834 Jor-

756 3867 881 3938 rett'dre,
923 3867 947 3925 s'l
967 3868 1023 3945 sut
1050 3877 1162 3928 arrestd
1193 3891 1248 3950 que
1279 3871 1417 3932 Fredera‘c
1450 3875 1492 3947 V,

759 3965 856 4024 Comtc
875 3967 1015 4040 Palatia,
1040 3971 1129 4029 serotl
1149 3989 1235 4029 roceo
1256 3955 1411 4032 Clrcealt'er·
1425 3996 1496 4035 accc

759 4066 784 4123 le
806 4067 918 4126 Prinne
943 4067 1076 4129 Maurice
1098 4071 1134 4128 dc
1153 4071 1278 4131 Nasone.

599 4224 768 4307 Cepeudant
790 4228 807 4287 d
829 4248 917 4289 rause
935 4249 995 4309 que
1016 4232 1045 4291 le
1063 4232 1169 4293 Princc
1188 4231 1316 4296 llaurice
1342 4235 1430 4294 estoit
1456 4254 1494 4294 en
