3408 5664
918 815 930 840 ·
1026 824 1086 896 tto

585 1023 605 1066 »
627 999 675 1068 itta
711 1007 835 1087 omnis,
881 1028 960 1094 quac
992 1006 1031 1085 ab
1067 1007 1114 1068 iis·
1136 1005 1321 1072 fluminibus
1363 997 1529 1072 Orientem

584 1131 607 1185 »'
626 1139 762 1214 spectat,
787 1148 824 1188 ex
848 1122 920 1188 hetti
943 1123 1083 1188 saucibus
1107 1123 1268 1215 eripiatur.
1314 1125 1426 1212 Neque
1452 1123 1528 1188 haec

581 1259 605 1308 '»
628 1245 694 1337 sine
728 1215 813 1329 gravi
850 1267 951 1308 caussa
985 1242 1109 1333 loquor.
1163 1245 1290 1309 Fractac
1322 1243 1407 1306 eninr
1438 1243 1530 1325 Regis

586 1389 605 1426 »
629 1365 796 1454 Hispaniae
829 1365 927 1446 iireS,
960 1387 998 1428 ex
1020 1388 1090 1452 ‘quo
1112 1363 1276 1454 profligata
1304 1379 1338 1427 et
1370 1363 1530 1429 submersa

585 1508 605 1546 »
629 1485 778 1548 immensa
810 1487 877 1569 ejus
908 1457 1007 1548 classis
1036 1457 1091 1560 esst.
1152 1461 1413 1562 Exhauriuntur,
1448 1505 1528 1570 (pne

585 1629 605 1666 »
629 1619 730 1685 tantae
764 1602 807 1666 illi
842 1600 923 1667 cladi
954 1601 1200 1692 superfuerunt,
1244 1624 1317 1690 opos
1348 1583 1531 1684 ingentibus

586 1747 607 1784 »
629 1724 803 1804 stnntibus,
827 1745 905 1809 quos
936 1718 1094 1811 expeditio
1125 1719 1243 1786 Gallica
1273 1721 1386 1810 poscit.
1430 1723 1528 1784 Ortae

586 1865 606 1902 »
628 1842 712 1904 inter
743 1829 943 1904 Parmensern
970 1855 1002 1933 et
1035 1815 1218 1930 Hispanicos
1245 1840 1312 1924 ejus
1341 1837 1531 1904 consiliarios

585 1957 801 2046 »discordiae
825 1937 993 2049 maximae}
1020 1959 1235 2024 controversiis
1264 1955 1439 2023 dissociatae
1462 1982 1525 2022 na-

584 2106 606 2143 »
630 2080 749 2161 tiones,
773 2079 926 2143 exercitus
949 2051 1077 2142 reirelles
1098 2093 1130 2141 et
1151 2075 1332 2167 disciplinae
1353 2075 1525 2165 impatien-

585 2225 605 2264 »
628 2216 692 2284 tes,
714 2224 836 2264 summa
854 2197 994 2288 denique
1013 2198 1083 2261 imis
1103 2197 1209 2262 mixta.
1254 2197 1304 2260 Ex
1325 2194 1388 2260 hoc
1407 2173 1524 2260 turbu-¹

583 2345 605 2403 ,η
626 2318 712 2384 leuto
735 2305 841 2386 rerunt
858 2335 940 2385 statu
961 2314 1169 2408 exspectanda
1188 2315 1270 2380 hosti
1292 2317 1436 2382 universa
1454 2317 1522 2384 sor-

582 2466 605 2504 »
628 2456 720 2504 tunae
741 2439 900 2506 conversio
919 2436 1054 2504 videtur.
1099 2437 1258 2525 Quocirca
1281 2439 1373 2504 nobis
1392 2461 1458 2502 nou
1480 2453 1524 2500 est

585 2585 606 2624 »
629 2556 911 2641 committendum,
944 2574 982 2623 ut
1005 2573 1113 2648 pereat
1143 2573 1207 2638 tam
1237 2557 1335 2622 fausta
1365 2535 1523 2648 opportu-

584 2704 606 2742 »
627 2679 726 2760 nitas,
763 2703 858 2767 quam
879 2677 1045 2763 neglexisse
1066 2693 1098 2741 et
1117 2692 1239 2742 nosmet
1259 2674 1410 2768 deinceps
1441 2701 1521 2768 poe-

585 2815 606 2860 »
628 2797 743 2878 niteat,
764 2818 870 2884 neque
893 2797 1013 2886 posteri
1029 2796 1121 2878 nohis
1141 2797 1303 2880 ignoscant
1323 2795 1422 2861 facile.
1457 2798 1522 2860 Ne-

585 2941 606 2980 »
629 2939 692 3005 que
726 2939 821 2996 vero,
856 2938 959 3002 quum
984 2916 1145 3004 sapienter
1178 2893 1241 2979 dici
1274 2914 1389 2994 soleat,
1424 2915 1525 2983 hostes

585 3059 606 3100 »
628 3035 719 3126 parri
746 3055 812 3100 non
833 3057 896 3099 esse
921 3007 1105 3116 habendos,
1128 3037 1259 3120 majores
1272 3035 1389 3118 iccirco
1412 3035 1526 3116 nobis,

583 3181 605 3220 »
627 3181 725 3246 quam
747 3179 854 3247 reapse
884 3170 981 3235 sunt,
1023 3129 1059 3218 ac
1090 3153 1287 3217 terribiliores
1318 3151 1438 3238 fingere
1469 3177 1526 3244 par

584 3291 692 3366 >›·est,
722 3291 776 3339 aut
798 3272 993 3364 despondere
1014 3274 1154 3355 animos,
1186 3288 1359 3338 metuentes
1382 3296 1423 3336 ne
1447 3274 1523 3336 inu-

582 3420 605 3465 »
625 3396 713 3460 sitata
739 3392 962 3480 aggrediamur.
1006 3394 1105 3482 Quasi
1123 3411 1196 3460 vero
1215 3393 1308 3458 nefas
1332 3394 1372 3458 sit
1400 3410 1522 3484 putan-

582 3539 606 3577 »
627 3501 730 3596 dumi
771 3515 884 3578 nostris
911 3537 967 3578 nos
995 3513 1135 3594 viribus,
1169 3538 1247 3602 quas
1278 3515 1368 3578 nobis
1398 3489 1528 3580 idoneas*

580 3635 708 3698 »Deus
735 3615 862 3718 largitus
884 3649 947 3713 ost,
977 3631 1124 3698 audacter
1146 3632 1316 3699 confidere.
1363 3631 1457 3698 Haud
1483 3635 1523 3698 ita

582 3775 603 3832 ῳ)
625 3751 768 3839 profecto
782 3751 1015 3824 statuendum:
1053 3741 1297 3823 considerandae
1321 3778 1391 3837 res,
1428 3771 1464 3818 ut
1491 3779 1526 3820 se

580 3895 601 3933 »
622 3894 658 3934 re
670 3893 741 3936 vern
759 3870 897 3954 habent,
921 3874 1105 3962 cogitatione
1125 3896 1229 3962 neque
1254 3872 1436 3958 augendae,
1459 3895 1520 3938 ne-

580 4013 602 4052 »
625 4005 696 4078 que
723 3987 955 4057 diminuenda.
1012 3993 1130 4077 Viginti
1164 3991 1257 4060 nula
1286 3993 1422 4060 muitum
1451 3969 1520 4060 foe'-

578 4133 600 4174 »
622 4108 799 4184 deratorum
830 4109 985 4204 stipendia
1017 4129 1200 4180 merentur:
1238 4113 1355 4187 horum
1391 4097 1525 4180 dimidia
