3454 5658
736 876 766 924 lx

280 1049 316 1098 ut
338 1033 441 1098 subito
464 1051 702 1125 apparuerunt,
725 1036 765 1098 ita
792 1051 984 1100 evanuerunt
1009 1036 1122 1101 subito.
1168 1035 1224 1100 list

282 1175 355 1218 vero
376 1153 475 1237 gentis
498 1168 619 1218 nostrae
641 1154 766 1240 ingenio
788 1155 916 1220 insitum
935 1152 1028 1248 pla'ue
1050 1153 1223 1246 perlinien-

282 1269 316 1336 di
337 1271 496 1339 studium:
522 1269 610 1362 quod
632 1274 704 1338 artis
729 1255 903 1339 condendis
925 1275 1126 1340 monimentis
1147 1299 1225 1366 pro-

282 1393 400 1457 barunt
421 1393 562 1484 posteris.
588 1393 689 1458 Pauca
706 1391 791 1484 apud
806 1416 882 1477 nos,
906 1408 943 1460 ut
962 1391 1046 1485 apud
1067 1393 1137 1460 alios
1164 1417 1226 1482 po·

283 1509 373 1602 pulos
404 1509 520 1593 multa,
543 1511 651 1578 allecta
671 1535 788 1603 operas
814 1512 956 1580 referunt
980 1513 1044 1580 sete
1057 1535 1062 1546 ·
1074 1515 1229 1600 majorum

282 1646 461 1698 nostrorum
486 1655 616 1712 curam,
648 1629 855 1730 industriam,
890 1631 1020 1700 limandi
1052 1631 1226 1724 perlinien-

283 1749 382 1842 alique
403 1749 622 1818 assiduitatem.
682 1754 887 1844 Usus-pabant
916 1753 1065 1819 lubenter
1090 1751 1228 1842 Thucy-

223 1903 227 1914 ·
285 1869 367 1937 slidis
397 1869 496 1940 illude
547 1880 599 1944 οὐκ
632 1879 723 1956 ἔσμεν
749 1885 806 1944 τῶν
837 1879 1008 1956 ἐμούντων,
1049 1877 1136 1942 ἀλλὰ
1173 1881 1230 1941 τῶν
1322 1847 1324 1854 ¹

286 1997 507 2076 νέκρνβούντωνι
545 1989 605 2056 hac
626 2004 729 2056 autern
752 1989 869 2055 facttun
902 1996 1064 2076 ἀκριβείᾳ,
1099 2003 1134 2052 ut
1166 2011 1232 2052 non

286 2109 487 2178 instituerent
508 2113 713 2192 ἀγωνίσματα
743 2113 772 2184 ἐς
798 2113 831 2177 τὸ
855 2118 1066 2191 repercutias,
1087 2101 1142 2170 sed
1162 2113 1233 2186 sarsi·

288 2255 377 2311 μντνν
402 2234 432 2306 ἐς
459 2231 509 2298 rial
538 2223 721 2292 conderent.
780 2224 834 2290 Ab
868 2223 930 2290 hon
962 2239 998 2288 tu
1031 2221 1155 2307 studio,
1190 2225 1237 2290 mi

289 2343 355 2426 lili,
379 2367 519 2427 nones,
544 2341 631 2434 quod
655 2343 751 2412 laetor
778 2343 997 2426 vehementer,
1021 2345 1134 2410 natura
1156 2343 1232 2412 alie-

289 2485 359 2530 ntu.
416 2461 596 2549 Ergone,
629 2458 777 2528 emendes
808 2459 1017 2554 perficiasque
1047 2460 1234 2552 optuculum

293 2600 393 2650 tuum.
450 2581 716 2650 Immortalitatem
746 2597 782 2647 tu
812 2578 905 2664 inde,
941 2579 1060 2663 fateor,
1096 2603 1160 2648 uon
1181 2603 1234 2662 es,

292 2717 328 2768 ut
350 2701 414 2778 itti,
446 2717 692 2785 consecuturusa
730 2699 784 2767 sed
810 2699 967 2783 effeceris,
991 2715 1082 2766 utet
1108 2717 1138 2766 te
1160 2697 1234 2786 ‹lig-

293 2845 373 2888 uum
400 2822 440 2888 sit
470 2822 653 2914 specimen,
701 2843 762 2888 nec
793 2819 962 2888 Guilielmo
992 2835 1046 2886 tuo
1077 2820 1238 2887 Nassuviou

293 2939 461 3028 indignum
497 2963 645 3032 prorsus:
693 2955 762 3006 tum
797 2961 870 3006 vero
901 2940 1017 3020 etiarn,
1063 2935 1151 3029 quod
1186 2955 1239 3006 tus

293 3085 391 3151 quam
414 3059 588 3149 pltuimum
610 3059 758 3140 interest,
781 3059 993 3126 exercitaveris
1018 3059 1059 3124 ita
1085 3075 1158 3151 apte
1187 3060 1236 3124 vi-

294 3201 342 3246 res
364 3195 440 3246 tuus.
485 3181 566 3246 Nam
595 3175 682 3268 quod
709 3178 780 3268 quis
802 3179 924 3243 maturi
950 3175 1120 3267 aliquando
1143 3191 1239 3242 aetate

294 3298 450 3392 praeclare
473 3315 659 3391 peracturus
682 3314 748 3378 est,
772 3295 806 3363 id
831 3295 1007 3364 adolescens
1031 3311 1063 3362 et
1084 3293 1239 3364 studuisse

295 3434 327 3485 et
346 3433 477 3484 tentasse
501 3433 628 3484 atvero
659 3417 777 3484 naviter
798 3439 829 3482 se
848 3417 883 3482 in
913 3439 949 3482 eo
979 3417 1151 3484 exerouisse
1176 3415 1236 3484 de-

298 3541 371 3606 bete
405 3553 451 3604 est
474 3538 560 3604 enim
588 3525 810 3618 adolescentia,
844 3551 880 3602 ut
901 3537 992 3623 ajunt
1016 3537 1164 3616 Veteres,
1199 3533 1239 3602 ad

298 3659 428 3724 virtutes
452 3679 558 3723 omues
580 3656 794 3748 aptissimum,
817 3656 881 3722 imo
905 3655 1037 3721 unicum
1060 3659 1239 3740 ὁρμητήριον.

299 3777 417 3842 Nactus
449 3791 553 3840 autem
587 3791 623 3840 tu
650 3799 680 3840 es
705 3799 722 3839 e
749 3772 1039 3862 Lugduuo-hutavo
1073 3774 1241 3842 eertunine

299 3895 451 3987 optimam
468 3894 693 3960 exercitationis
721 3895 1003 3985 opportunitatem.
1047 3895 1129 3960 Nam
1145 3893 1238 3981 judi-

302 4038 351 4080 ces
375 4013 435 4096 illi,
459 4013 516 4080 viri
536 4010 760 4096 eruditissimi,
785 4010 871 4080 haud
896 4039 995 4103 pauca
1020 4013 1053 4080 in
1074 4035 1237 4080 commen-
1285 4055 1286 4061 κ

302 4134 416 4202 tatione
447 4135 500 4200 tui
526 4131 824 4222 reprehenderunt,
859 4130 915 4200 alia
947 4135 1074 4224 insuper
1103 4157 1160 4218 ego
1184 4157 1237 4198 re-
