3456 5676
721 961 781 1028 22t

284 1137 423 1207 alumnos
446 1133 547 1204 eidem
570 1135 710 1204 addictos
743 1136 902 1218 volumus,
937 1153 968 1200 et
993 1139 1058 1204 Deo
1082 1133 1222 1216 volente,

284 1258 415 1350 amplius
435 1257 489 1325 hic
513 1255 766 1348 providebimus,
796 1273 832 1322 ut
864 1258 990 1324 caeteris
1016 1273 1078 1322 tam
1112 1259 1223 1323 exteris

284 1403 380 1469 quam
405 1379 612 1462 nostratibus,
655 1378 771 1468 quibus
804 1375 929 1444 fortuna
960 1393 1007 1442 cst
1039 1373 1222 1458 mediocris,

283 1514 336 1564 aut
357 1499 501 1590 parcior,
526 1521 622 1588 quam
643 1513 679 1562 ut
703 1495 743 1562 de
774 1522 829 1564 suo
853 1497 1026 1564 victitantes
1058 1498 1117 1563 otia
1149 1495 1221 1561 lite-

282 1641 386 1684 rarum
419 1614 777 1708 pe1·sequantu1·,aliud
802 1618 841 1682 sit
863 1615 1036 1703 Collegium
1065 1615 1223 1682 Annona-

282 1737 388 1821 rium,
411 1738 444 1802 iu
466 1760 532 1828 quo
552 1734 740 1803 moderatior
771 1737 845 1828 ipsis
869 1738 929 1802 erit
951 1761 1097 1820 annona,
1128 1761 1224 1826 quam

283 1881 320 1924 cu
339 1859 455 1925 aerario
475 1882 536 1950 pro
561 1874 649 1948 parte
671 1857 859 1941 levabimus,
896 1859 969 1949 ipsis
993 1882 1124 1949 aequam
1147 1881 1224 1950 par-

284 1994 347 2044 tem
366 1978 441 2044 huic
464 1975 715 2053 conserentibus,
741 1993 776 2041 ut
799 1978 914 2068 parsit
935 1974 1139 2043 correertandi
1161 2001 1223 2042 no-

281 2097 442 2166 bilioribus
460 2097 781 2188 fortunatioribusque
800 2115 830 2163 et
853 2098 1047 2164 tenuioribus
1065 2099 1148 2162 inter
1170 2099 1224 2189 ip-

281 2241 328 2285 sos
352 2218 469 2285 occasio
498 2233 529 2282 et
563 2232 716 2309 potestas,
739 2217 802 2280 utri
827 2215 867 2281 de
890 2215 1061 2308 Republica
1080 2233 1133 2282 aut
1156 2217 1222 2282 Ec·-

280 2335 368 2404 clesia
399 2335 507 2402 melius
537 2351 738 2418 mereantur,
764 2335 820 2402 illis
848 2335 980 2403 familiae
1017 2342 1225 2428 tortunaeque

281 2455 448 2544 dignitate,
472 2457 591 2523 Patriae
612 2457 705 2545 gratia
717 2473 747 2522 et
765 2481 888 2539 amore,
903 2455 951 2522 his
971 2455 1099 2550 publico
1122 2458 1222 2522 bene-

282 2574 356 2642 licio
385 2577 525 2642 animum
549 2591 580 2642 et
607 2573 707 2642 calcar
730 2573 889 2644 addente:
922 2574 1130 2670 popularibus
1151 2576 1225 2642 item

283 2696 393 2762 nostris
423 2711 456 2761 et
484 2697 635 2761 extmneis
663 2696 854 2782 ingenuitate
886 2693 1033 2788 praeditis
1057 2698 1141 2763 inter
1168 2697 1223 2788 ip-

283 2839 344 2892 sos,
372 2840 437 2906 quo
460 2836 516 2883 suo
542 2816 666 2906 utrique
688 2815 780 2898 loco,
803 2817 932 2882 Frisium
958 2815 992 2882 hi
1026 2841 1113 2884 suam
1147 2841 1223 2886 nos-

284 2953 449 3029 tramque,
470 2937 605 3028 quisque
633 2937 766 3028 patriam
786 2934 922 3004 studiose
950 2952 1103 3004 exornent
1127 2953 1159 3002 et
1182 2935 1221 3002 il-

281 3056 424 3124 lustrent.
470 3058 553 3124 Haec
577 3057 678 3150 prima
704 3055 859 3124 curricula
888 3057 1077 3122 nostratibus
1108 3071 1224 3136 sunto,

283 3160 451 3268 primaque
484 3177 518 3240 in
553 3175 669 3266 quibus
700 3173 889 3269 reipublicae
926 3174 1060 3240 militent
1101 3189 1223 3257 castra,

270 3287 424 3362 'volumus
446 3295 672 3386 cupimusque:
698 3317 757 3362 nee
776 3297 834 3362 erit
853 3311 889 3360 ut
913 3292 951 3359 ad
971 3311 1110 3377 exteros,
1135 3293 1224 3384 quod

282 3415 425 3484 novitatis
446 3416 582 3508 partim,
617 3414 733 3506 purtim
767 3413 946 3483 necessitate
970 3413 1122 3480 hacteuus
1152 3411 1220 3481 sac-

286 3537 411 3602 titatum
434 3551 499 3619 est,
522 3535 708 3616 inPatn‘ae,
735 3558 815 3625 quae
839 3531 1011 3626 produxit,
1034 3551 1222 3626 parentum,

286 3656 342 3746 qui
362 3655 523 3742 legarunt,
555 3655 759 3748 ipsorumque
778 3655 836 3742 qui
857 3653 992 3719 Patriam
1012 3675 1223 3744 praepropere

285 3775 423 3842 moribus
449 3773 560 3842 inculti
585 3772 731 3860 fugiunt,
754 3797 916 3865 praesens,
943 3769 1079 3840 dedecus
1103 3789 1134 3838 et
1157 3797 1221 3866 op-

284 3893 469 3986 probrium,
505 3893 589 3958 abirc
621 3894 794 3980 cogamini,
817 3917 857 3960 ne
875 3917 909 3960 re
932 3909 1028 3960 vestra
1052 3890 1220 3986 dissipata,

284 4035 341 4104 spe
374 4027 542 4104 parentum
576 4010 730 4103 decepta,
764 4030 817 4079 aut
847 4011 941 4078 literis
961 4014 1135 4096 inaniores,
1170 4029 1222 4079 aut

284 4129 418 4212 literati,
453 4127 507 4196 sed
540 4129 701 4215 exhausti,
734 4131 802 4199 soro
844 4133 1008 4223 curiaeque
1050 4133 1134 4199 noxii
1167 4155 1220 4198 re-

285 4245 411 4315 dieritis.
469 4249 528 4316 Hic
554 4251 700 4320 tirociniis
725 4250 871 4342 depositis
903 4249 1079 4318 facultatem
1113 4249 1222 4317 damus
