3454 5658
680 899 720 966 67

222 1070 325 1158 dago,
347 1075 506 1166 occupatis
524 1075 633 1142 ceteris
648 1071 755 1144 adhuc
773 1075 919 1168 inopere
936 1073 1165 1168 Upsbcbtano,

220 1189 279 1256 sed
311 1191 418 1284 paullo
450 1207 522 1258 ante
553 1216 652 1284 quarn
684 1194 750 1285 ipse
768 1189 889 1260 adesset
911 1192 952 1261 ad
973 1191 1166 1266 deditionem

220 1309 421 1402 compulsum
437 1309 625 1403 praesidium
636 1314 704 1400 jan
720 1328 795 1378 erat.
839 1312 965 1382 Relictis
985 1315 1042 1406 qui
1060 1313 1165 1384 locum

220 1444 386 1496 tuerentur
406 1445 438 1496 et
458 1432 640 1514 munirent,
673 1427 857 1500 difficillimo
878 1433 989 1504 itinere
1009 1457 1084 1500 curu
1104 1458 1162 1502 eo-

218 1547 281 1638 piis
302 1549 485 1616 Guiiieinnus
506 1547 637 1618 Reidam
658 1549 868 1642 progreditur.
912 1552 978 1620 Sin
1000 1551 1077 1622 baec
1098 1570 1163 1622 erat

212 1669 252 1734 in
271 1671 488 1760 promontorio
510 1685 542 1736 et
562 1671 598 1736 in
616 1669 805 1740 Dullurdunt
820 1674 1055 1764 ponigebutur3
1079 1699 1161 1768 pto-

215 1788 393 1880 puguaculn
422 1785 508 1872 duo,
542 1787 628 1856 baud
654 1813 772 1876 magalo
800 1791 964 1860 intervallo
982 1789 1161 1882 disjuncta,

216 1908 366 1977 humilius
393 1909 526 1978 alterum
557 1909 674 1995 altero,
708 1908 815 1976 locunt
843 1907 1068 1978 defendebant.
1120 1911 1160 1979 ln

214 2045 351 2122 utraque
381 2029 492 2096 veteris
520 2030 637 2115 aggeris
669 2029 883 2112 extremitate,
914 2049 980 2120 quo
1010 2045 1158 2116 angustus

213 2164 370 2216 tranunt
391 2147 514 2248 reiiquo
534 2171 608 2232 agro
626 2147 847 2239 separabatur,
868 2148 1077 2216 munitionem
1096 2171 1156 2216 ex-

209 2270 325 2346 struit,
360 2290 492 2358 eamque
515 2265 593 2334 fossa
613 2281 646 2332 et
669 2289 778 2352 aggere
801 2267 939 2336 cinctum
959 2266 1157 2358 pruesidiario

210 2386 311 2454 milite
332 2359 447 2454 firmat
491 2387 559 2454 Hoc
579 2409 673 2479 opere
693 2383 891 2472 Verdugonis
911 2383 1047 2453 subsidia
1069 2386 1156 2456 sutile

209 2507 356 2590 cohibet,
377 2503 571 2574 obsidionem
589 2503 730 2589 orditur,
752 2505 842 2572 initio
858 2503 941 2573 facto
956 2507 999 2575 ob
1017 2529 1055 2574 eo
1072 2531 1153 2599 pro-

208 2625 407 2716 pugnaculo,
442 2622 530 2715 quod
565 2625 599 2692 in
633 2621 763 2692 editiore
794 2623 859 2692 solo
879 2639 964 2710 erutg
998 2649 1065 2715 quo
1091 2648 1150 2692 ex-

206 2763 351 2840 pugnato
390 2745 485 2814 levius
524 2741 691 2812 ndotiuudi
724 2741 848 2810 alterius
889 2745 1048 2830 negotium
1084 2742 1152 2812 sore

203 2867 410 2934 existimabat
453 2865 565 2956 Neque
587 2888 661 2931 vero
678 2863 906 2932 Gubernatoris
924 2863 959 2928 in
979 2887 1014 2930 re
1030 2857 1150 2950 agenda

202 2987 303 3053 virtus
323 2982 574 3052 desiderabamus
608 2984 666 3073 qui
687 3006 788 3072 quum
808 2997 881 3048 oute
895 2983 964 3070 jam
984 2982 1019 3048 iu
1040 2979 1147 3048 dedu·
1212 2959 1215 2968 Δ

203 3101 315 3171 cendia
338 3127 397 3195 per
422 3101 574 3170 salebrosa
601 3103 668 3170 loca
690 3104 851 3170 tormentis
870 3126 1001 3187 gnaram
1020 3125 1148 3194 oper-ana

203 3223 533 3314 praestitisset,·nuuc
556 3220 642 3288 haud
662 3223 766 3288 minus
784 3219 927 3304 consilio,
949 3222 1146 3306 auctoritate,

200 3343 437 3425 exhortatione,
471 3356 684 3432 nectuntque
708 3337 848 3406 interdiu
869 3341 951 3422 iuter
973 3353 1145 3430 utrumque

199 3460 478 3557 propugnaculum
508 3458 706 3544 discurrens,
737 3457 850 3526 effecit.
905 3459 1010 3526 'fanu
1029 3461 1142 3526 Nassa-

199 3584 365 3650 vianorum
390 3597 517 3671 tamque
536 3575 697 3670 intrepida
715 3579 749 3644 iu
777 3575 909 3646 ferendo
926 3580 1048 3670 impetu
1071 3577 1140 3646 sor-

199 3699 305 3768 titudo
336 3716 369 3766 et
399 3699 571 3768 constiutia
603 3699 686 3782 fuit,
724 3713 760 3764 ut
796 3699 888 3766 tertio
909 3700 949 3766 ab
973 3696 1141 3766 obsidionis

196 3823 290 3888 initio
304 3819 361 3886 ”die
380 3817 530 3913 praesidia
549 3821 712 3912 utriusque
730 3818 977 3911 propugnaculi,
1009 3843 1139 3912 oppug-

197 3941 333 4008 nationis
351 3939 434 4006 fnmi
450 3941 598 4033 accepti,
621 3937 662 4004 de
680 3936 838 4005 deditione
857 3939 1023 4008 convenire
1042 3963 1139 4030 quam

195 4075 376 4154 exspectare
396 4075 530 4126 extrem
551 4057 688 4124 mallent.
733 4059 821 4124 Tum
838 4082 900 4146 pro
916 4055 1037 4123 duabus
1058 4080 1134 4123 mu·-

196 4179 369 4250 uitionibus
413 4202 509 4246 unum
549 4175 726 4246 validiorem
762 4175 949 4253 Guilielmus
983 4176 1141 4246 exstruxit-

954 4295 1003 4364 5*
