3466 5670
216 1095 219 1102 ’
243 1089 477 1170 bus,01ucre:
503 1089 629 1178 potestis
656 1103 759 1154 cutem
787 1073 947 1172 inesibus,
972 1083 1114 1156 discendi
1133 1111 1187 1152 ar·

242 1205 336 1291 dore,
365 1205 505 1274 colendis
530 1205 683 1274 doctrinis
713 1209 895 1299 quibusque
911 1210 1068 1292 maximis,
1090 1210 1188 1274 meri-

240 1329 278 1392 tis
302 1328 336 1392 in
360 1351 409 1394 res
432 1330 500 1416 ejus
524 1329 735 1415 gravissimam
773 1325 822 1394 his
847 1343 1009 1410 vestrum,
1031 1331 1186 1419 inquam,

237 1447 377 1514 officium
405 1464 452 1514 cst
475 1461 507 1514 et
529 1471 642 1516 ornus
664 1450 797 1539 puniam
820 1465 851 1515 ct
874 1465 997 1542 partam
1019 1452 1087 1538 ejus
1115 1449 1185 1536 glo-

237 1571 315 1633 riam
335 1591 447 1655 augus
470 1583 502 1634 et
531 1566 730 1637 confirmare.
787 1567 869 1636 Nam
892 1570 983 1636 nobis
1012 1571 1185 1648 seuiosibus

239 1709 292 1753 vos
322 1689 394 1753 estis
428 1687 539 1772 brevi,
575 1687 638 1756 hcc
666 1689 736 1781 ipso
766 1690 870 1756 aetatis
902 1689 980 1756 flore
1010 1692 1187 1777 strigoso,

236 1809 424 1892 successuri,
460 1821 496 1873 ut
527 1823 647 1876 vosmet
662 1810 730 1897 jam
755 1812 889 1877 maxime
918 1812 1064 1902 respiciat
1085 1813 1187 1901 patria

234 1941 350 1992 nocuo.
416 1928 521 2021 Ipsum
556 1929 638 1994 mihi
668 1927 777 1997 videor
809 1933 878 2017 ejus
914 1955 1023 1998 vocem
1052 1930 1185 2014 audire,

237 2071 327 2133 cum,
345 2049 442 2116 oculis
463 2053 498 2115 in
521 2063 640 2118 vosmet
660 2053 839 2135 conve-sis,
865 2054 909 2119 sic
930 2053 1035 2120 fanu:
1060 2058 1096 2117 in
1106 2077 1182 2118 ocs-

234 2176 290 2232 tra
318 2174 478 2248 caritate,
504 2169 748 2252 aihtesacntes,
771 2175 954 2260 vestrisque
982 2174 1182 2261 optinorum

231 2290 358 2354 artium
378 2287 498 2354 stodiis
516 2293 708 2377 acquiesco:
730 2290 807 2355 hinc
830 2291 913 2355 mihi
932 2301 1176 2361 ornamentum,

234 2409 309 2473 trine
316 2393 527 2497 praesidinm
550 2419 720 2499 inspecta·
741 2409 817 2494 sed,
840 2409 1030 2497 nesrustra
1042 2431 1179 2498 exspec-

232 2537 317 2606 tem,
349 2551 406 2593 vos
431 2539 589 2595 cavetote.
634 2527 705 2596 Dos
726 2539 776 2594 est
799 2551 945 2619 magna,
982 2553 1069 2618 quac
1092 2530 1182 2594 vobis

234 2649 371 2738 obtigit,
409 2653 606 2738 parentiam
640 2653 768 2715 virtus.-
813 2651 875 2714 trac
908 2659 1029 2715 uosmet
1060 2649 1179 2740 dignos

226 2777 423 2856 praestate,
446 2791 506 2834 nec
538 2779 668 2834 tantum
693 2770 800 2835 litoris
822 2770 1014 2858 artibusque
1034 2770 1175 2854 majori-

233 2889 292 2951 bns
321 2886 540 2954 laudabiliter
574 2889 781 2972 tractandis,
824 2889 914 2955 ande
949 2893 1024 2977 qais
1052 2891 1179 2954 sibimet

230 3009 297 3094 ipsi
312 3007 454 3095 mutiana
471 3007 620 3096 gloriam
638 3018 879 3096 consequatur,
905 3009 967 3074 scd
982 3013 1081 3075 etiarn
1103 3033 1175 3073 om-

229 3128 384 3213 niumque
415 3130 572 3198 maneae,
622 3137 662 3192 nt
696 3129 754 3193 illi
785 3129 1001 3214 factitabant
1033 3131 1178 3216 majores

231 3248 353 3327 vestri,
376 3247 501 3310 virtute
529 3245 679 3314 colenda.
729 3245 882 3314 Gloriam
916 3269 975 3337 ago
1005 3271 1174 3335 nartqnam

230 3376 416 3455 aspernata
433 3387 522 3441 snm,
548 3364 610 3431 scd
627 3367 759 3431 nnllam
784 3371 974 3456 concupivi,
1003 3371 1074 3433 nisi
1090 3391 1176 3456 qnae

228 3490 355 3552 meritis
373 3495 457 3551 essct
478 3489 653 3574 quaesita,·
681 3490 809 3552 men'tis
831 3495 942 3552 antem
956 3510 1083 3577 parum
1108 3492 1174 3554 tri·

231 3609 307 3690 bni,
330 3609 399 3671 nisi
417 3630 504 3694 quae
526 3629 600 3672 cnm
629 3607 772 3672 moribus
794 3609 946 3695 udaeque
979 3611 1176 3696 integritate

231 3734 262 3789 ct
298 3729 479 3791 sanctitate
512 3735 621 3792 escant
653 3725 839 3814 conjuncta.
885 3726 970 3793 Haec
1006 3726 1105 3815 pauiu
1134 3723 1173 3791 ad

227 3842 368 3912 alumnos
386 3869 478 3913 suos:
513 3869 594 3936 quoe
615 3861 652 3911 tu
673 3867 763 3919 sane,
798 3846 843 3914 mi
865 3843 935 3927 fili,
963 3860 1097 3937 paterno
1118 3868 1173 3910 ore

230 3960 367 4052 prolata,
397 3962 510 4030 lubens
534 3964 665 4059 accipies
686 3989 723 4032 cc
744 3964 875 4031 memori
897 3979 1025 4056 pectore
1056 3986 1172 4030 oecon·—

228 4076 293 4144 des.
338 4078 405 4164 Ego
424 4104 517 4165 vero,
542 4079 630 4172 quod
653 4078 766 4148 addam
789 4082 844 4165 iis,
868 4080 948 4148 nihil
967 4081 1090 4163 habeo,
1114 4083 1174 4146 nisi

228 4197 291 4268 hoc
325 4224 447 4285 uusun,
484 4225 590 4273 carum
618 4218 650 4270 tc
673 4199 753 4270 mihi
784 4225 866 4273 esse,
915 4225 1000 4267 calos
1040 4199 1176 4280 fratres,
