3456 5676
694 875 749 942 187

249 1050 342 1116 etiam
367 1073 437 1118 vare
467 1049 620 1116 fraternos
656 1071 761 1116 acuens
784 1050 817 1114 in
843 1073 876 1116 en
900 1049 1042 1134 elucere,
1067 1067 1189 1120 utnon

250 1172 401 1260 possimus
426 1193 491 1238 non
521 1185 680 1238 auctorem
701 1166 864 1252 adamare,
888 1169 945 1258 qui
968 1186 1030 1236 tam
1049 1169 1190 1236 benivole

250 1289 449 1356 humanitatis
484 1287 657 1382 patruelem
690 1286 911 1375 admonuerit,
957 1313 1061 1382 neque
1103 1289 1191 1358 hunc

250 1405 502 1500 reprehendere,
537 1407 593 1498 qui
621 1405 661 1474 ad
684 1423 749 1476 tam
778 1410 908 1476 amicam
938 1407 1191 1481 adhortationem

250 1525 336 1594 ilecti
357 1528 498 1594 animum
520 1552 586 1594 uon
610 1551 716 1621 paeana
736 1527 839 1596 suerit.

293 1648 376 1712 Tam
409 1645 572 1736 praeclaris
605 1647 667 1733 sagi
699 1664 850 1738 togaeque
888 1648 1057 1716 virtutibus
1090 1673 1191 1738 quum

247 1764 382 1833 eluceret
404 1763 608 1846 Guilielmua,
632 1764 718 1834 hand
742 1790 814 1834 cane
835 1769 953 1836 mirum
972 1769 1121 1860 cuiquam
1135 1793 1192 1838 ac·-

249 1883 353 1954 cidere
372 1886 507 1977 poterit,
531 1884 672 1966 eundem¹
689 1911 798 1979 parem
816 1886 956 1956 retulisse
977 1913 1102 1958 morum
1118 1913 1191 1958 mo-

248 2003 399 2089 destiam,
423 2006 613 2097 probitatem
637 2022 669 2072 et
693 2008 942 2100 temperantiam.
992 2007 1043 2074 Ao
1066 2025 1191 2098 tempe-

248 2125 381 2192 rantiam
413 2123 568 2216 quidem,
592 2125 690 2210 tanti,
713 2127 827 2214 quanti
854 2127 1112 2210 Arausionensis,
1139 2127 1188 2192 ia-

249 2246 316 2330 cit,
360 2269 396 2312 ac
429 2245 636 2312 neceesarium
674 2245 820 2336 putavit,
865 2261 901 2312 ut
938 2246 1004 2337 ipse
1047 2245 1192 2336 exemplo

250 2365 410 2458 praeiret,
443 2380 649 2456 caveatque,
672 2388 729 2442 ue,
751 2362 831 2432 dum
853 2363 937 2432 bello
957 2365 1108 2432 continuo
1128 2390 1193 2456 pu·

248 2485 371 2554 blicum
410 2484 651 2554 exhauriebatur
683 2486 855 2570 aerarium,
903 2482 1083 2550 diffluerent
1115 2485 1195 2550 cives

248 2603 392 2690 luxmia,
436 2629 496 2674 nee
529 2620 685 2697 praestare
718 2629 813 2698 opem
849 2603 1038 2674 calamitosae
1074 2605 1192 2696 patriae

249 2739 377 2816 poseant
401 2723 455 2794 (Ι).
509 2726 628 2792 iccirco
647 2723 739 2792 luxua
763 2723 921 2816 fastusque
946 2724 1048 2793 omnia
1065 2725 1104 2792 ab
1126 2721 1194 2790 aula

249 2842 425 2912 exsulabate
450 2842 655 2934 simplicitatis
685 2861 718 2911 et
745 2842 910 2930 elegantiae
938 2845 1071 2910 maxima
1092 2842 1194 2912 lrabe-

247 2964 340 3030 batur
369 2963 473 3048 ratio,
505 2980 537 3030 et
568 2979 634 3030 crat
667 2987 775 3032 rerum
798 2965 942 3032 omnium
978 2963 1100 3030 utilium
1132 2987 1194 3055 pro

246 3085 477 3152 Gubernatoria
510 3082 660 3170 dignitate
695 3081 898 3150 abundantia.
950 3079 1006 3150 Ad
1039 3105 1191 3164 coenem,

246 3226 327 3294 quae
355 3201 533 3287 munditie,
565 3219 597 3270 et
630 3203 784 3272 variarum
813 3201 967 3295 dapium,
1002 3226 1061 3270 nec
1086 3217 1191 3268 tamen

244 3337 494 3404 commonacum,
528 3322 617 3413 copia
642 3337 706 3388 erat
726 3335 854 3405 ornam,
883 3320 909 3386 ai
931 3320 1109 3412 patiebatur
1130 3343 1188 3388 va-

282 3637 324 3708 (1)
346 3641 436 3691 Ondar
451 3639 483 3691 da
501 3657 601 3691 neenec
613 3657 646 3692 an
658 3647 855 3690 navarwantcn
866 3654 922 3689 van
944 3635 1090 3689 WillemI
1106 3634 1190 3688 blank

246 3730 300 3782 wal
317 3729 548 3796 voomamantlp'i·
563 3733 608 3780 uit
627 3726 907 3794 Willamnodewq'k,
928 3726 972 3778 dia
992 3743 1023 3776 ao
1040 3725 1069 3776 in
1081 3725 1112 3776 de
1123 3725 1191 3776 lan-

245 3821 299 3872 den
314 3836 368 3872 van
385 3819 438 3886 ai'n
460 3820 680 3870 Gourarnement
700 3819 745 3870 alc
763 3819 792 3873 in
807 3818 861 3884 cq'ir
876 3815 944 3886 Hos
956 3816 989 3868 da
1004 3823 1190 3885 acetatcppen

244 3925 300 3962 van
315 3909 368 3974 si'n
382 3915 464 3978 grute
479 3923 654 3977 voorgcngar
672 3925 706 3958 an
724 3909 793 3958 Oom
812 3905 925 3958 Willam
942 3907 1066 3975 raging,
1101 3925 1135 3956 en
1150 3921 1190 3956 na

245 3997 299 4064 effa
317 3995 452 4047 duodece
469 3997 627 4066 vooreigrig
644 3995 785 4066 geleidem
816 4015 851 4048 an
870 3997 929 4064 wp'a
949 3995 1098 4049 bertierder
1118 3992 1199 4062 blaef

244 4102 299 4136 vuer
316 4103 366 4136 eeu
380 4099 435 4134 van
451 4083 522 4134 ouda
537 4083 675 4153 deppam,
705 4103 738 4136 en
760 4101 815 4136 van
839 4083 911 4136 haar
932 4081 1046 4150 cratete
1059 4079 1185 4138 iolcum

246 4174 332 4228 nulia.
370 4171 512 4240 Sciruiiop.
531 4187 629 4242 p.190.
