3432 5666
1005 903 1045 968 68

547 1083 666 1169 'majori
710 1077 863 1172 pracsidio
897 1073 1057 1144 creditam.
1111 1074 1185 1164 lpse
1224 1090 1327 1135 urenae
1361 1061 1498 1155 Quintili

547 1217 688 1266 ‘exeunte
711 1195 915 1266 Leovardiam
936 1191 1038 1260 rediit.
1065 1193 1107 1261 l¹l

594 1319 729 1384 ¹interim
752 1341 826 1385 cum
849 1317 1061 1412 Hispanorrnn
1084 1311 1221 1377 exercitu
1240 1311 1351 1374 Conrcs
1372 1301 1500 1370 Carolus

552 1433 762 1504 Mansseldins
793 1433 1094 1529 appropinquabat,
1139 1446 1170 1494 ct
1212 1429 1335 1496 Mosam
1368 1425 1499 1512 jamjam

548 1557 764 1643 'trajectarum
786 1551 951 1621 foederatis
973 1550 1141 1644 provinciis
1160 1547 1278 1614 bellum
1299 1543 1417 1622 inserte
1432 1558 1497 1608 ata-

551 1675 675 1740 ’tnebnt
721 1675 883 1768 Opposuit
903 1695 970 1738 saras
992 1669 1035 1736 illi
1055 1671 1155 1761 copias
1177 1667 1359 1744 Mauritius,
1382 1649 1501 1730 annuns

552 1793 740 1878 'vigesimam
775 1789 950 1858 sectandum
984 1812 1095 1875 agens,
1131 1790 1164 1851 in
1198 1786 1355 1854 Vornensi
1379 1781 1500 1854 insula}

559 1926 590 1975 et
615 1912 804 1976 assentiente
834 1907 996 1975 Ordinum
1019 1907 1156 1991 Senatu,
1179 1906 1277 1973 orarit
1299 1903 1503 1972 Guilielmnrn

554 2027 749 2120 patruelem,
772 2043 809 2092 nt
826 2025 978 2118 expeditis
1001 2028 1097 2120 copiis
1116 2028 1288 2092 exercitum
1310 2047 1421 2107 snum,
1444 2024 1501 2116 qui

556 2147 710 2213 termille
732 2145 975 2230 militauerat,
1006 2161 1140 2232 augeret.
1186 2145 1296 2213 Amice
1318 2139 1501 2235 respondit,

553 2269 715 2358 'venitque
749 2293 765 2330 a
796 2267 909 2331 Frisiae
937 2263 1115 2332 Ordinibus
1146 2265 1333 2357 impetrant,
1357 2261 1506 2330 convenit

560 2409 642 2451 enrn.
694 2385 743 2450 lbi
777 2399 866 2467 tum,
900 2407 941 2448 ne
965 2383 1128 2450 universus
1149 2384 1303 2451 exercitus
1334 2384 1368 2448 in
1394 2379 1506 2449 eodem
1583 2371 1588 2378 ⁸

564 2505 686 2590 negotio
698 2501 918 2586 adhiberetur,
940 2501 1148 2570 deliberatum
1156 2517 1218 2586 est,
1240 2527 1316 2568 num
1329 2499 1508 2596 expediret,

562 2637 599 2688 'ut
635 2620 737 2690 valido
770 2647 864 2715 opere
883 2625 1054 2691 Vornensis
1077 2615 1183 2689 insula
1200 2623 1507 2690 circummuniretnr.

563 2739 684 2808 Placuit
718 2741 871 2808 sententia
911 2741 1100 2811 Gulielmoa
1136 2744 1230 2808 ceteri
1260 2742 1506 2824 obnitebantur,

562 2873 729 2925 statuentes
755 2875 833 2924 ¹ante
866 2857 1003 2926 hiemem
1038 2859 1153 2927 confici
1183 2875 1308 2928 tanturn
1331 2885 1410 2954 opus
1442 2885 1508 2928 non

566 2999 665 3070 posse.
717 2979 810 3064 ‘Ergo
842 2975 912 3060 ille,
946 3001 1051 3070 quum
1085 2993 1211 3072 tempus
1243 2995 1342 3046 terere
1362 2982 1455 3047 otiose
1476 2983 1511 3048 in

566 3098 672 3164 eastris
690 3095 805 3183 nollet,
827 3095 920 3164 rediit
943 3099 978 3164 in
999 3099 1148 3180 tristam,
1171 3099 1227 3165 ubi
1247 3121 1286 3164 ex
1307 3099 1514 3192 Upslacbtani

448 3291 453 3300 ¹
563 3216 680 3284 castelli
702 3215 897 3286 confectione
921 3213 1105 3284 distributos
1131 3241 1190 3310 per
1211 3217 1363 3311 praesidia
1385 3243 1402 3284 a
1423 3219 1508 3286 Ver-

566 3334 692 3423 dugone
723 3337 836 3404 milites
869 3337 1024 3423 cognovit.
1069 3337 1136 3406 Hac
1160 3339 1320 3408 occasione
1352 3337 1391 3404 ad
1421 3338 1511 3406 Solt-

566 3479 730 3548 campum,
755 3453 863 3544 (locus
877 3471 923 3522 est
953 3458 1066 3523 inore
1088 3457 1236 3542 Marnae,
1271 3459 1311 3525 ab
1341 3457 1512 3552 Upslacbto

568 3576 719 3642 aestuario
742 3573 908 3666 diremtos)
927 3573 1144 3643 invadendum
1163 3601 1238 3643 usna
1258 3593 1313 3644 est.
1358 3579 1512 3666 Agmina,

568 3719 647 3786 qnae
681 3697 875 3782 octingentos
908 3693 1026 3762 milites
1058 3675 1364 3787 complectebantur,
1396 3699 1513 3789 partim

569 3813 698 3878 navibus
736 3815 898 3904 imposita,
932 3815 1048 3906 partim
1072 3816 1209 3880 terrestri
1232 3817 1342 3882 itinere
1367 3839 1440 3898 usa,
1462 3815 1514 3884 die

570 4002 887 4020 m

605 4082 647 4174 (tl
668 4105 804 4169 Eunias,
825 4124 852 4174 p.
862 4107 896 4177 59
914 4125 991 4176 seqq.
1020 4083 1121 4177 Μὰ,
1142 4110 1160 4160 Ι.
1174 4110 1194 4165 Ι.
1212 4129 1239 4177 ρ.
1252 4111 1301 4164 ι54
1320 4131 1396 4184 seqq.
1435 4111 1506 4178 Bor,

569 4193 715 4250 l.'XXVl.
734 4213 760 4262 p.
772 4195 814 4246 ts.
854 4193 986 4261 Grotius,
1008 4195 1115 4247 tuaac.
1131 4197 1152 4251 l,
1171 4217 1197 4267 p.
1213 4199 1270 4255 att.
