3456 5676
689 872 749 938 201

256 1047 301 1114 bis
323 1061 444 1112 tantum
465 1047 498 1110 in
516 1045 734 1127 Germaniam,
756 1045 848 1110 semel
867 1046 900 1109 in
920 1043 1082 1130 Argium,
1106 1045 1189 1110 Em-

255 1163 327 1232 dam
354 1167 429 1230 item
453 1161 546 1230 semel
570 1189 600 1229 se
622 1164 818 1247 contulisset,
853 1191 868 1228 a
892 1164 1013 1230 Comite
1037 1165 1193 1246 Eunone,

255 1287 450 1370 Groningam
472 1284 629 1377 prolecto,
652 1286 807 1350 invitatus.
852 1285 952 1370 Cujus
970 1281 1193 1350 resistereideo

254 1405 400 1493 precibus
430 1404 585 1482 noluerat,
618 1401 705 1494 quod
733 1404 982 1494 antiquissimum
1012 1403 1193 1469 reformatae

253 1520 407 1588 Ecclesiae
427 1521 599 1614 hospitium
616 1538 648 1588 et
666 1525 866 1602 Batavorum,
890 1539 1049 1611 quotquot
1066 1522 1191 1608 religio-

255 1642 315 1706 nis'
336 1643 430 1728 gratia
463 1640 634 1709 voluntarie
669 1641 900 1726 exsulaverant,
946 1640 1064 1732 asylum
1097 1643 1193 1708 visere

252 1761 500 1852 concupiscebat.
512 1758 555 1828 (¹)

297 1881 440 1948 Proxime
465 1907 537 1950 cum
565 1881 706 1951 civilibus
728 1879 886 1950 Guilielmi
908 1883 1025 1946 meritis
1048 1905 1081 1946 ea
1110 1907 1190 1950 con-

250 2000 362 2086 juncta
381 2019 476 2085 suut,
501 2026 581 2093 quae
604 2025 666 2094 pro
688 2000 862 2067 Relonnata
886 1999 1031 2084 religione
1055 2002 1087 2064 in
1110 2025 1190 2090 pro-

255 2119 363 2186 vinciis
387 2119 449 2186 suis
476 2145 563 2208 agere
588 2121 733 2186 instituit.
799 2117 853 2186 Ad
877 2119 1080 2187 imitationem
1107 2121 1194 2188 enim

254 2259 363 2304 eorum
383 2240 542 2320 omnium,
565 2264 646 2333 quae
668 2237 794 2305 aliunde
815 2255 914 2304 sumta
933 2241 1053 2326 egregie
1079 2243 1196 2310 civium

257 2357 370 2424 seruire
381 2357 469 2426 saluti
482 2376 609 2452 possent
620 2409 629 2444 ‚
642 2376 756 2452 sponte
767 2357 935 2443 accedens,
955 2376 987 2426 et
997 2379 1119 2453 patrem
1131 2363 1192 2430 ha-

256 2478 365 2542 buerat
376 2494 408 2544 et
418 2495 567 2571 patruum
578 2480 663 2547 omni
680 2477 772 2545 laude
791 2495 1002 2572 praestantes3
1021 2499 1195 2571 utrumque

255 2598 324 2688 pari
342 2595 491 2664 industria
512 2615 544 2664 et
559 2596 669 2665 ardore
690 2600 724 2664 in
745 2597 946 2666 instauranda
958 2602 1053 2667 veteri
1067 2603 1190 2696 Reipu-

257 2718 354 2784 blicae
375 2716 537 2810 disciplina
557 2736 731 2802 versatum,
754 2718 808 2786 sed
827 2743 893 2786 non
905 2721 1009 2786 minus
1022 2738 1195 2816 utrumque

256 2837 409 2924 religionis
446 2864 554 2905 curam
586 2855 618 2904 ct
648 2837 837 2932 praesidium
860 2841 991 2931 proprio
1014 2867 1086 2908 cum
1115 2845 1197 2912 vitae

256 2956 413 3048 periculo,
431 2974 467 3021 ut
480 2959 573 3023 vitam
584 2959 684 3044 gentis
700 2982 769 3023 suae
789 2977 860 3023 vere
879 2958 1000 3025 sitalem
1018 2961 1194 3050 efficerent,

256 3091 380 3141 strenue
403 3077 624 3168 suscipientem
647 3077 679 3142 in
699 3101 798 3170 eoque
819 3097 1076 3170 perseverantem.
1123 3084 1193 3151 Ho-

259 3221 330 3262 rum
345 3195 474 3282 vestigiis
488 3196 671 3263 Guilielmus
689 3194 855 3277 incedens,
877 3215 908 3264 et
926 3199 1114 3292 praeclaram
1133 3229 1193 3272 na-

259 3315 340 3382 vavit
350 3313 549 3406 Reipublicae
561 3337 709 3406 operam,
734 3338 794 3380 nec
812 3314 967 3400 religionis
987 3320 1196 3408 patrocinium

261 3435 323 3500 aPr
330 3432 442 3526 incipis
458 3433 560 3498 abesse
577 3456 709 3524 persona
721 3430 882 3520 judicavit.
927 3435 1099 3524 Quocirca,
1121 3441 1196 3506 Gu-

260 3553 442 3620 bernationc
460 3554 573 3618 Frisiae
594 3553 742 3636 ornatus,
767 3554 886 3619 curavit
906 3556 1056 3640 maxime,
1081 3574 1117 3622 ut
1137 3562 1198 3628 rite

261 3697 390 3738 munera
412 3697 494 3738 sacra
524 3673 687 3739 obirentur
717 3674 839 3756 ubivis,
870 3698 922 3738 sua
952 3692 988 3740 ut
1019 3678 1199 3770 quibusque

262 3795 390 3886 propria
409 3821 445 3860 ao
465 3793 526 3860 sola
549 3811 669 3877 essent,
694 3818 798 3886 neque
825 3795 1036 3863 immiscerent
1062 3821 1092 3864 se
1113 3797 1196 3867 doc·

263 3916 360 3980 trinae
382 3937 480 3979 sacrae
501 3914 648 3980 antistites
668 3915 761 3980 rebus
782 3913 922 3982 citilibus
942 3915 1087 4008 aliisque,
1111 3917 1200 4008 quod

261 4084 523 4100 -ι-ιο-ι-

301 4177 341 4244 lt)
362 4163 498 4240 lt'rurrrius,
518 4190 545 4242 p.
559 4177 607 4228 228
619 4211 626 4240 ,
640 4195 698 4246 229.
