3454 5658
1012 955 1053 1026 26

563 1132 748 1226 Leoregdiae
759 1131 892 1224 plateam
902 1133 1100 1224 percurrenti
1120 1131 1214 1218 glacie
1231 1131 1407 1220 lubricam,
1426 1132 1502 1226 lap·

563 1277 613 1320 sus
628 1277 729 1344 equus
747 1254 899 1344 suppositi
920 1254 1019 1335 cruris
1034 1255 1192 1340 jacturam
1209 1255 1412 1340 minabatur3
1439 1279 1504 1324 nec

563 1371 668 1440 toliere
700 1396 774 1442 eum
805 1374 910 1442 statim
941 1372 1040 1438 humo
1069 1388 1211 1464 poterat,
1246 1375 1318 1463 quia
1346 1374 1505 1466 ephippio

563 1488 654 1581 podis
675 1491 783 1583 equini
806 1492 926 1558 sermm
946 1490 1186 1584 impediebatur.
1210 1490 1250 1558 (¹)

605 1612 737 1680 Interim
772 1612 909 1679 hostium
943 1612 1195 1704 populationibus
1234 1615 1330 1682 Frisie
1367 1616 1501 1694 obnoxia,

552 1745 637 1804 emt.
663 1734 726 1804 ,Ut
749 1731 831 1803 uulo
849 1734 1060 1815 resisteretur,
1086 1757 1161 1802 cunt
1184 1757 1250 1800 non
1270 1733 1425 1800 sufficeret
1436 1732 1498 1802 do-

561 1852 706 1922 mesticus
726 1851 832 1934 miles,
855 1852 1021 1942 quingenti
1038 1853 1149 1924 armati
1172 1855 1501 1937 arcessebantur-,at-

562 1993 626 2057 que
646 1987 779 2044 exeunte
798 1987 951 2044 autumno
973 1972 1177 2056 mittebatur,
1201 1974 1311 2062 quiin
1333 1975 1503 2046 Germanis
1605 1981 1607 1986 '

561 2104 708 2180 quatuor,
725 2092 879 2162 centonas
910 2093 1141 2177 conscriberet3
1185 2093 1347 2170 intra-sex
1378 2091 1505 2160 dierum

560 2207 771 2278 hebdomades
795 2211 901 2302 copiae
923 2211 990 2278 illae
1009 2213 1079 2298 jam
1101 2227 1224 2300 praesto
1247 2228 1345 2278 erant.
1396 2213 1504 2278 Litte÷

560 2331 603 2396 ris
623 2353 719 2420 porro
739 2329 925 2400 Guiiielusns
946 2327 1170 2416 Vendugonssn
1201 2331 1413 2414 commonuit,
1444 2355 1503 2410 caq-

560 2465 664 2533 reret,
687 2473 727 2515 ne
745 2450 780 2516 in
798 2465 962 2542 posterum
979 2448 1113 2534 milites,
1133 2465 1232 2526 noctu
1252 2465 1419 2536 grassames
1442 2475 1501 2542 per

543 2592 668 2656 ,ugron
687 2570 817 2638 nutioos
837 2593 855 2634 e
876 2569 963 2638 lectis
982 2571 1224 2654 submoventes,
1246 2585 1277 2636 et
1301 2594 1411 2638 currus
1438 2595 1501 2636 nn·

560 2711 681 2779 vesque,
709 2713 783 2756 cum
814 2690 984 2781 peregrinis
1011 2688 1197 2780 spoliantes,
1229 2689 1352 2766 meritas
1386 2712 1504 2780 poenae

559 2805 694 2875 luerent.
739 2810 876 2877 ¹Curavit
906 2833 1056 2900 quoque,
1091 2825 1128 2880 ut
1158 2807 1266 2877 melius
1303 2809 1402 2876 ubivis
1434 2809 1500 2878 loco

562 2926 713 2995 hostibus
725 2930 834 3020 pervia
853 2931 1054 2998 minitentur
1073 2944 1105 3000 et
1126 2927 1369 2996 custodirentur.

605 3047 715 3138 Itaque
738 3073 812 3115 cnm
839 3049 971 3116 nuximn
994 3050 1060 3134 ejus
1073 3072 1156 3118 cura
1179 3049 1214 3114 iu
1237 3049 1414 3139 provinciae
1445 3072 1499 3114 sn„-

560 3167 626 3232 lute
658 3184 851 3252 versaretur,
886 3192 922 3234 ac
953 3166 1035 3234 nihil
1062 3191 1130 3236 nou
1159 3166 1294 3250 faceret,
1333 3189 1399 3258 quo
1425 3168 1497 3232 ani-

560 3311 628 3356 mos
649 3289 764 3355 civium
784 3289 844 3353 sibi
866 3286 1060 3370 conciliaret,
1091 3288 1249 3372 ingentem
1273 3285 1335 3353 hoc
1358 3310 1441 3354 auno
1460 3309 1501 3352 ex

561 3410 644 3474 tristi
677 3410 783 3499 patrui
812 3410 861 3473 sui
891 3424 990 3474 morte
1018 3405 1156 3474 dolorem
1178 3407 1272 3497 cepit.
1316 3406 1376 3472 Cui
1398 3429 1501 3498 quum
1539 3443 1541 3448 ·

559 3528 678 3618 saepius
707 3524 824 3618 perfidi
857 3527 988 3616 Hispani
1023 3526 1187 3610 instigante
1210 3523 1359 3615 Philippo
1385 3525 1499 3591 frustra

559 3663 658 3712 essent
680 3644 838 3732 insidiati,
860 3643 989 3710 tandem
1012 3643 1131 3712 Delius
1158 3645 1363 3713 commoranti
1397 3643 1496 3712 scele-

560 3769 727 3834 ratissimus
755 3765 912 3834 Balthnsar
941 3763 1074 3832 Gerardi
1102 3766 1198 3832 vitam
1227 3761 1350 3834 ademit.
1395 3764 1497 3830 Com·

563 3888 667 3952 munis
692 3884 822 3976 quidem
851 3886 996 3952 omnibus
1028 3884 1228 3976 popuiaribus
1249 3900 1282 3950 et
1307 3884 1497 3970 gravissimus

562 4003 665 4074 luctus
697 4023 779 4090 erat,
822 4029 988 4071 commune
1026 4007 1170 4076 omnihus
1205 4005 1316 4094 optimi
1344 4003 1500 4092 Principis

600 4266 641 4335 (ι)
659 4263 756 4332 Eryci,
775 4263 794 4316 Ι.
813 4262 834 4315 Ι.
850 4279 878 4328 p·
896 4262 940 4315 64.
