3456 5676
966 857 1024 925 ias
1053 809 1058 820 ’

519 1028 649 1116 blodo,
695 1033 825 1099 invitare
848 1033 990 1100 convivas
1011 1055 1071 1124 per
1098 1031 1207 1098 orbem
1235 1026 1373 1111 solebat,
1416 1028 1464 1093 ita

521 1167 578 1236 ut,
603 1153 661 1242 qui
682 1153 716 1217 in
742 1152 922 1238 magistratu
946 1166 1060 1233 erant,
1082 1147 1211 1239 aliisque
1232 1146 1279 1213 vel
1296 1145 1460 1212 ecclesias-

520 1270 587 1337 ticis
606 1269 653 1337 vel
676 1271 817 1337 civilibus
839 1268 887 1337 vel
907 1268 1091 1334 militaribus
1124 1267 1308 1334 muneribus
1340 1266 1457 1352 funge-

522 1391 660 1474 bantur,
683 1387 793 1457 ordine
820 1389 967 1456 conviviis
989 1390 1180 1454 interessent.
1213 1384 1364 1478 Epulates
1386 1409 1462 1452 ser--

519 1532 643 1592 mones,
678 1534 835 1601 perquam
854 1508 1034 1590 familiares,
1068 1506 1201 1574 mirifice
1224 1503 1459 1574 accommodam

515 1625 558 1692 ad
583 1629 706 1714 ingenia
726 1651 892 1718 moresque
913 1626 1080 1693 hominum
1098 1642 1208 1693 noratz
1228 1627 1327 1714 jocari
1346 1641 1378 1690 et
1401 1650 1457 1692 ca-

519 1745 616 1813 villari
635 1746 762 1812 lubebat
787 1773 861 1812 cum
888 1745 1058 1832 hilaribus,
1087 1749 1165 1814 serio
1190 1745 1349 1813 derebus
1375 1749 1460 1813 seriis

415 1867 420 1877 “
519 1891 592 1933 oum
617 1868 758 1931 tristibus
784 1881 816 1931 et
836 1867 1021 1932 submorosis
1055 1865 1238 1932 hominibus
1272 1865 1455 1932 confabula-

517 1987 620 2052 batur.
665 1983 808 2051 Prandiis
831 1987 997 2076 coenisque
1021 1984 1101 2050 ultra
1125 1985 1219 2052 horae
1242 1986 1378 2077 spatium
1401 2009 1457 2050 ra-

516 2130 553 2172 to
574 2108 723 2186 vacabat,
758 2104 932 2196 plurimum
961 2107 1043 2172 intra
1077 2122 1249 2173 vertentem
1277 2106 1388 2173 horam
1410 2105 1456 2170 fi-

516 2226 631 2292 niebat.
702 2225 748 2291 Ut
777 2226 955 2291 abstinebat
991 2225 1120 2317 opipare
1152 2227 1265 2315 paratis
1301 2224 1456 2318 dapibus,

516 2346 558 2410 ita
589 2344 701 2432 largius
733 2369 848 2429 carne,
871 2347 976 2437 pisce,
999 2347 1134 2436 butyro,
1158 2369 1264 2430 caseo,
1298 2346 1460 2413 fructibus-

517 2461 691 2531 domesticis
717 2489 791 2531 cum
814 2489 897 2556 pane
920 2463 1042 2532 mundo
1075 2466 1232 2532 utebatur.
1285 2467 1361 2534 Vini
1383 2491 1456 2534 mo-

517 2582 586 2651 dica
607 2584 740 2678 pocula,
774 2602 932 2676 quantum
966 2587 1121 2677 appetitui
1151 2585 1339 2668 sufficiebat,
1372 2585 1459 2650 hau-

515 2705 634 2787 riebat,
669 2706 849 2789 ebrietatem
881 2702 954 2770 odio
983 2703 1142 2788 habebat,
1177 2721 1209 2770 et
1232 2707 1350 2772 vinosas
1372 2729 1458 2772 con·

431 2885 433 2890 ,
517 2824 718 2906 certationes,
742 2847 818 2912 quas
839 2825 985 2889 barbaras
1008 2841 1041 2889 et
1065 2823 1135 2914 plus
1159 2849 1256 2916 quam
1281 2823 1431 2891 belluiuas
1444 2876 1457 2907 ,

515 2969 551 3010 ao
579 2966 692 3010 nocete
721 2943 895 3028 gravissime
925 2945 1047 3008 sanitati
1076 2945 1287 3030 existimabat,
1314 2943 1457 3010 detesta-

514 3064 617 3130 batur.
640 3063 795 3129 Coenatus
815 3060 855 3127 ad
877 3061 1068 3129 firmandam
1086 3067 1223 3158 corporis
1244 3063 1456 3134 valetudinem

514 3199 547 3250 et
575 3184 672 3249 animi
703 3207 805 3249 caussa
840 3185 980 3274 equitare
1015 3200 1069 3250 aut
1104 3210 1201 3252 curru
1231 3203 1316 3252 extra
1340 3189 1454 3255 urbem

515 3303 606 3387 vehi,
638 3281 673 3369 si
695 3302 857 3371 commoda
893 3303 970 3370 coeli
1005 3290 1332 3398 aerisque‘temperies
1354 3324 1451 3392 esset,

515 3425 641 3491 solebat.
686 3426 754 3491 Hoc
776 3425 861 3490 enim
882 3424 944 3490 fuit
965 3425 993 3490 ei
1014 3452 1031 3490 a
1051 3427 1185 3517 puetitia
1207 3427 1393 3515 proprium,
1416 3443 1456 3494 ut

513 3541 667 3631 ejusmodi
697 3544 846 3645 exercitiis
879 3545 974 3632 magis
1013 3571 1110 3634 quam
1141 3545 1204 3611 alen
1234 3547 1451 3638 similibusque

513 3661 594 3728 ludis
627 3661 841 3730 delectaretur.
886 3665 994 3753 Equos
1015 3663 1115 3730 alebat
1135 3667 1398 3751 generosissimos,
1420 3683 1453 3732 et

512 3783 557 3848 sic
582 3785 720 3866 amabat,
743 3799 779 3847 ut
798 3808 888 3866 raro,
911 3784 970 3848 nisi
986 3785 1159 3876 conspectis
1178 3783 1232 3867 iis,
1256 3781 1320 3849 dies
1342 3801 1449 3850 trans-

511 3903 657 3987 igeretur.
719 3899 844 3990 Quodsi
870 3899 1038 3993 impediret
1070 3900 1145 3968 coeli
1182 3903 1366 3994 temperies,
1408 3927 1449 3968 ne

513 4020 593 4087 foras
617 4036 817 4104 exemeret,
862 4024 1007 4088 manebat
1035 4019 1138 4105 domi,
1182 4038 1215 4087 et
1245 4021 1451 4106 latrunculis,

515 4140 602 4233 quod
631 4143 665 4209 in
691 4167 728 4209 eo
756 4140 832 4210 ludo
854 4140 924 4235 plus
947 4142 1063 4230 ingenii
1087 4167 1239 4226 acumen,
1262 4165 1360 4232 quam
1379 4141 1448 4210 lor-
