3408 5664
673 945 734 1011 153

235 1111 310 1182 belli
332 1115 427 1186 dures
450 1114 700 1206 prohibuerant,
735 1121 778 1184 ita
810 1143 898 1186 nune
920 1117 960 1190 ad
983 1117 1176 1211 appetendas

232 1234 492 1304 nondomeetioas
514 1252 659 1323 tantum,
681 1261 791 1307 verum
803 1237 1020 1306 transmarinas
1031 1239 1173 1304 victorias

233 1353 499 1440 adhorta-entur,
520 1354 574 1422 sed
596 1359 793 1425 inveniretur
811 1381 924 1444 nemo,
947 1357 1003 1447 qui
1027 1380 1089 1448 pro
1108 1382 1169 1448 pa-

232 1477 309 1541 triae
328 1475 424 1542 salute
445 1476 538 1543 verba
561 1473 694 1560 laceret,
729 1478 845 1544 exstitit
873 1476 1060 1543 Guilielmus
1091 1476 1172 1541 Nas-

233 1594 351 1678 savius,
384 1595 597 1686 intempestivi
620 1595 738 1662 consilii
760 1611 952 1688 aspernator.
996 1595 1099 1662 Probe
1122 1609 1175 1663 te-

233 1715 349 1797 nebat,
372 1711 441 1780 lieri
470 1711 504 1779 id
533 1715 600 1782 sine
620 1714 754 1782 invidiae
775 1715 938 1806 gravisque
958 1713 1090 1782 offensae
1106 1734 1170 1804 pe-

230 1831 330 1902 riculo
356 1855 421 1900 non
442 1857 547 1926 posses
594 1851 699 1901 tamen
725 1836 861 1906 ,aeneae
901 1834 1048 1919 nolebat,
1093 1858 1174 1924 qnae
1219 1815 1221 1822 Ι

232 1954 401 2040 oonjnneta
440 1975 504 2019 esse
544 1977 619 2021 eum
653 1954 748 2020 salute
783 1953 911 2046 publiea
954 1954 1168 2020 existimabat:

229 2071 379 2164 idemque
399 2072 484 2140 utilia
509 2097 568 2141 nee
590 2089 694 2160 grata,
718 2097 815 2165 quam
834 2089 962 2164 accepta
995 2089 1026 2138 et
1054 2073 1168 2165 perni-¹

229 2193 310 2259 oiosa
339 2189 445 2258 dicere
479 2191 623 2259 malebat.
667 2195 752 2260 liaeo
782 2193 876 2280 igitur
898 2191 1076 2260 Ordinibus
1097 2192 1166 2260 foe-

230 2308 344 2378 deratis
365 2313 520 2378 concinne
542 2312 705 2404 exposuits

275 2427 412 2496 »Haud
446 2455 577 2536 magna,
620 2431 689 2500 Viri
714 2430 925 2517 Nobilissimi‚
970 2429 1174 2524 occupandae

231 2571 253 2614 >s
274 2543 477 2633 Danierltae,
508 2550 649 2640 quamvis
668 2549 739 2616 exili
758 2547 911 2642 praesidio
926 2565 1087 2635 teneatur,
1099 2575 1169 2643 epea

231 2690 253 2733 »
273 2666 353 2733 mibi
375 2689 437 2734 esse
458 2666 592 2736 videtur.
614 2671 761 2762 Namque
794 2668 864 2734 lieri
880 2669 1055 2761 plurimum
1072 2670 1168 2755 solet,

229 2809 253 2852 >s
274 2800 309 2850 ut
329 2783 501 2853 istiusmodi
523 2788 676 2852 temerarii
700 2800 849 2871 conatus,
870 2787 1098 2853 interveniente
1119 2787 1168 2855 vel

229 2929 253 2971 >s
271 2903 424 2973 levissimo
447 2907 592 2992 negotio,
624 2903 712 2999 quod
732 2902 897 2997 providere
915 2929 1004 2972 mens
1032 2905 1170 2990 bumana

227 3047 252 3090 s>
274 3047 339 3091 non
360 3040 483 3116 potest,
505 3022 683 3092 eludantur.
726 3027 949 3116 Praeterquam
971 3027 1056 3090 enim
1075 3023 1164 3116 quod

230 3144 391 3209 »subitae
424 3116 639 3235 tempestates,
673 3145 823 3234 ventique
858 3141 979 3208 adversi
1011 3140 1168 3208 retardare

230 3287 253 3328 s>
274 3263 448 3348 navigantes
478 3279 626 3352 possunt,
672 3261 846 3329 verendum
867 3278 930 3344 est,
959 3284 1000 3325 ne
1019 3260 1168 3328 Albertus

228 3406 253 3449 »
274 3381 455 3450 Austriaeus
475 3381 699 3448 Duulrerlmnos
723 3383 845 3468 integro
862 3371 1017 3474 praesidio
1036 3380 1165 3446 ceteris-

229 3527 252 3568 »
274 3526 338 3592 que
366 3503 540 3570 necessariis
560 3503 649 3594 prius
670 3503 875 3584 instruxerit,
900 3523 998 3590 quam
1022 3495 1164 3566 foedera·
1190 3534 1197 3543 ·
1246 3569 1251 3582 ⁸

231 3643 253 3686 >s
274 3636 378 3687 torum
409 3623 560 3688 exercitus
581 3646 654 3688 eum
672 3622 831 3712 equitatu.
846 3617 1050 3687 exscenderit.
1094 3619 1169 3685 Non

230 3737 409 3808 »dubium
451 3757 518 3828 est,
563 3741 643 3832 quin
675 3739 802 3808 rebelles
849 3739 1010 3830 Hispanici
1056 3734 1166 3802 milites

232 3884 255 3925 »
275 3860 324 3926 vel
347 3860 479 3926 naturali
508 3859 641 3946 ferocia,
673 3858 721 3928 vel
742 3860 909 3953 propositis
932 3857 1095 3951 praemiis,
1118 3856 1166 3924 vel

233 3980 366 4065 »genio
398 3996 435 4045 ut
475 3978 657 4067 indulgeant
698 3981 733 4046 in
777 3979 965 4046 fertilissimis
1006 3975 1169 4044 Flandriae

232 4124 255 4164 a>
275 4099 374 4186 agris,
405 4099 454 4167 vel
483 4097 582 4186 largae
612 4101 869 4167 remunerationis
898 4123 955 4192 spe
978 4113 1051 4190 post
1083 4120 1165 4164 eon-

229 4240 252 4283 »
274 4216 370 4286 sectos
408 4217 551 4304 labores,
587 4220 741 4327 (sponsioni
773 4216 890 4288 oblatae
923 4216 1057 4288 inhient.
1119 4215 1167 4280 De

1110 4341 1124 4376 s
