3456 5676
650 942 712 1007 200

256 1101 423 1198 Longiores
453 1116 485 1178 in
522 1110 716 1182 aestimandis
749 1112 833 1180 hisce
857 1112 1016 1182 Gnilielmi
1043 1113 1147 1182 virtu*

205 1229 289 1296 tibus
318 1231 462 1299 nolumus
495 1257 579 1313 esse,
616 1257 750 1322 quarum
776 1233 938 1324 speculum
972 1233 1030 1300 viri
1067 1233 1147 1314 vita,

204 1377 301 1441 quam
326 1351 567 1446 descripsimus,
590 1350 747 1422 veredici
769 1369 883 1447 potest.
937 1354 1050 1443 Neque
1072 1352 1150 1418 item

202 1469 237 1535 in
260 1473 375 1554 rebus,
412 1497 489 1563 quas
510 1474 545 1538 in
565 1471 672 1538 militia
694 1473 809 1558 gessit,
844 1470 901 1538 din
929 1473 1160 1562 morabimur,¹

206 1591 356 1678 quoniam
371 1591 530 1656 inentibus
543 1589 652 1658 adhuc
673 1590 829 1681 praeclara
851 1591 1009 1695 quaelibet
1025 1586 1148 1660 facino-

201 1731 235 1772 ra
261 1710 473 1776 obvamantnr.
519 1707 582 1776 Sed
603 1733 684 1802 quac
709 1707 876 1802 peculiaria
902 1712 969 1798 ejus
991 1712 1026 1776 in
1050 1727 1149 1778 artem

202 1827 367 1896 militarem
388 1845 419 1896 et
442 1830 585 1896 taoticam
608 1831 716 1898 merim
736 1829 957 1914 celebrantur,
981 1830 1058 1897 haec
1076 1855 1146 1898 tna·r

203 1972 321 2015 mamre
340 1973 376 2014 ac
398 1946 542 2030 laudare,
576 1949 617 2014 ob
650 1949 805 2030 maxima,
842 1972 923 2040 quac
951 1946 1027 2014 inde
1056 1949 1146 2014 alilo-

202 2091 312 2148 ruere,
336 2065 519 2150 commoda,
543 2066 637 2158 paulo
658 2069 831 2134 accuratius
857 2069 1052 2134 conabimur.

246 2187 407 2280 Apparuit
439 2187 528 2253 nobis
559 2187 660 2252 ubivis
691 2183 783 2252 laude
812 2185 926 2273 dignm
958 2187 1147 2277 imperatori

203 2305 349 2388 consilio,
391 2321 459 2372 arte
495 2321 527 2372 et
564 2304 712 2392 singulari
754 2303 939 2372 fortitudine
983 2305 1146 2374 excellens.

206 2425 270 2494 Sed
302 2428 541 2517 exquirentibus
571 2427 684 2507 nobis,
708 2429 766 2516 qut
790 2427 829 2492 sit
853 2425 989 2502 sactum,
1026 2443 1062 2492 ut
1088 2441 1152 2494 tam

201 2547 356 2640 praeclare
379 2545 419 2612 do
447 2547 545 2638 patria
576 2547 704 2614 meritus
738 2545 854 2630 fuerit,
900 2563 1000 2636 utque
1031 2550 1149 2639 patriae

200 2665 327 2732 lor-tuna
356 2683 418 2731 tam
450 2689 600 2758 prospere
630 2689 765 2757 vereque
802 2663 954 2732 divinitus
986 2689 1025 2732 eu
1056 2669 1151 2734 rebus

201 2786 332 2878 lrepidia
351 2813 387 2854 ac
409 2808 510 2878 prope
527 2784 716 2879 desperatis,
740 2802 850 2872 agente
874 2786 1042 2871 Mauritio,
1065 2805 1149 2854 stre-⁵

201 2928 328 2994 noeque
356 2903 524 2992 adjuvante
557 2901 711 2996 panueli,
746 2904 928 2980 emerserit,
964 2920 996 2970 et
1020 2902 1150 2991 glorium

204 3023 277 3091 belli
297 3041 360 3090 tam
379 3025 466 3091 brevi
489 3039 629 3116 tempora
646 3039 764 3088 tantam
785 3019 935 3088 foederati
952 3024 1015 3088 sint
1036 3049 1147 3092 consea

200 3145 290 3222 cuti,
313 3167 350 3208 ax
375 3141 479 3208 indole
500 3139 533 3206 id
543 3142 672 3208 omnino
684 3139 878 3227 singulorum
899 3157 995 3230 atque
1018 3117 1149 3210 univer-

202 3285 252 3327 sae
271 3263 373 3347 gentis
394 3257 604 3352 repetendum
615 3275 661 3325 est
682 3297 728 3310 --
750 3285 813 3348 qua
836 3285 899 3326 non
921 3261 1147 3354 benepempe⁴

200 3395 272 3458 cta,
296 3377 488 3445 incredibilis
506 3376 635 3468 fideque
652 3375 781 3464 indigna
804 3403 851 3444 res
875 3377 1032 3450 videatur:
1051 3411 1097 3437 -·-
1118 3401 1149 3450 at

202 3524 275 3568 vero
286 3487 407 3566 accetlit
418 3492 501 3565 alind
513 3549 522 3578 ,
535 3495 621 3590 quod
635 3487 721 3563 baud
737 3497 801 3564 sclo
813 3523 852 3564 an
867 3497 1054 3566 celeritatem
1067 3499 1149 3571 illam

202 3615 404 3688 victoriarum
415 3618 589 3711 plmimum
607 3619 737 3684 orruerit.
759 3617 908 3698 Scilicet4
932 3637 967 3685 nt
979 3619 1073 3689 studii
1085 3647 1145 3690 an-⁴

202 3741 355 3830 tiqnitatls
367 3737 529 3831 multiplea
551 3755 637 3805 estet
654 3737 691 3805 ad
706 3761 808 3806 veram
829 3739 1066 3831 provehendam
1079 3742 1145 3810 hm

203 3853 383 3925 manitatem
395 3907 404 3940 ,
415 3875 446 3924 et
465 3857 505 3924 ad
524 3851 734 3926 erudiendum
747 3859 908 3946 ingenium
920 3859 1146 3930 excolendum-

203 4003 268 4070 que
286 3980 426 4043 animum
438 3978 482 4044 vis
495 3993 526 4042 et
538 3980 662 4044 ubertas
677 4025 688 4060 ,
699 3979 742 4044 ita
754 3980 900 4072 probavit
910 3979 1053 4071 primum
1065 3985 1150 4050 Gui-

202 4095 347 4181 llalmus,
370 4095 502 4162 eandem
528 4100 749 4190 antiquitatem
780 4101 853 4165 artis
883 4099 1022 4167 militaris
1051 4103 1147 4170 sobod

204 4207 266 4281 lam
301 4218 451 4308 optimam
480 4241 552 4284 esse.
610 4219 686 4308 Quo
717 4218 778 4286 fnit
802 4213 992 4306 sagacissimo
1024 4215 1150 4310 ingenio
1184 4279 1186 4284 .

985 4341 1022 4404 ll
