3408 5664
995 905 1055 972 tta

542 1106 615 1179 rere
646 1105 753 1152 rerum
788 1085 826 1151 ab
859 1107 896 1149 eo.
929 1099 1082 1174 gestarum
1112 1079 1325 1147 recordatione
1356 1107 1488 1174 prorsus

542 1205 700 1298 pleneque
731 1201 902 1268 dilaudat?
934 1205 1005 1267 Non
1032 1226 1137 1282 casus,
1161 1227 1227 1266 non
1251 1204 1317 1283 ira,
1341 1228 1406 1269 non
1428 1229 1486 1267 su-

541 1327 626 1390 bitus
649 1325 745 1388 animi
769 1340 884 1392 aestus,
912 1347 976 1386 non
1000 1347 1079 1411 qnae
1109 1321 1234 1386 flectere
1254 1347 1486 1414 nonnunquam

543 1473 578 1512 ac
610 1444 784 1538 propellere
819 1443 986 1508 hominum
1021 1441 1192 1506 voluntates
1223 1440 1344 1524 solent,
1374 1460 1408 1506 ut
1429 1468 1485 1506 su-

543 1565 759 1656 perbientium
783 1588 880 1651 quam
915 1585 984 1628 vcra
1021 1557 1197 1626 dicentium
1227 1563 1321 1646 magis
1352 1563 1488 1651 speciem

545 1685 704 1766 habeant,
740 1681 897 1748 dicentem
933 1679 1136 1747 Guilielmmn
1174 1683 1339 1766 agitaruut.
1396 1683 1487 1772 Ipsa,

546 1827 625 1890 quae
650 1827 818 1892 nunqnam
849 1825 914 1866 non
945 1798 1180 1864 disertissimum
1212 1817 1243 1864 et
1268 1801 1487 1891 eloquentissi-

547 1947 634 1986 mum
666 1923 713 1984 sui
742 1921 932 2016 participem
964 1917 1090 1996 reddit,
1123 1921 1211 2010 ipsa,
1236 1922 1388 2012 inquam,
1410 1924 1493 1985 vitae

546 2041 657 2133 pulcre
678 2041 873 2130 honesteque
894 2057 1037 2131 peractae
1058 2057 1089 2104 et
1113 2065 1233 2106 caussae
1258 2043 1393 2132 optimae
1406 2066 1487 2108 con-

546 2163 675 2233 scientia
707 2160 789 2244 suit,
825 2185 923 2252 quae,
959 2160 1026 2226 talia
1059 2178 1095 2225 nt
1126 2160 1211 2252 apud
1244 2161 1375 2226 illustres
1408 2162 1488 2228 viros

549 2285 684 2368 ingenue
708 2283 957 2374 pronunciaret,
989 2281 1148 2365 efficeret,
1178 2280 1332 2371 talemque
1365 2280 1393 2344 ei
1420 2280 1491 2344 lau-
1573 2279 1575 2284 ’

553 2400 704 2468 (latissimi
738 2426 809 2488 erga
841 2403 976 2493 patriam
998 2403 1110 2468 amoris
1134 2401 1296 2494 publicam
1319 2417 1493 2489 extorque-

550 2540 598 2588 ret
619 2521 889 2609 significationem.
934 2521 1083 2587 Similiter
1101 2524 1235 2611 antiqno
1263 2547 1337 2588 aevo
1359 2524 1493 2586 Demos-

551 2641 680 2722 thenes,
727 2666 829 2730 quum
864 2641 1066 2708 calumniatus
1099 2643 1204 2732 ipsum
1239 2666 1344 2707 coram
1374 2641 1497 2732 populo

552 2761 796 2827 Atheniensium
820 2761 991 2828 Aeschines
1024 2761 1151 2827 suisset:
1187 2769 1367 2839 Θεασασόε,
1403 2757 1493 2826 dice-

554 2882 627 2962 bat,
660 2889 697 2958 ὡς
726 2885 816 2950 aaa&
846 2887 895 2950 καὶ
929 2887 1030 2950 δίκαια
1058 2886 1154 2963 λέγω.
1207 2888 1242 2951 Ei
1274 2888 1328 2962 μὲν
1359 2885 1424 2950 ἴστε
1453 2910 1492 2964 με

554 3009 703 3075 τοιοῦτον,
727 2997 782 3067 οἷον
801 2997 883 3074 οὗτος
900 3007 1010 3081 ’ᾐτιᾶτο
1032 3034 1078 3047 -
1097 3009 1128 3071 οὐ
1148 3007 1209 3084 γὰρ
1232 3001 1339 3068 ἄλλοθί
1360 3027 1417 3067 aaa
1441 3004 1497 3082 βε·

556 3090 655 3199 etaa'a
680 3122 696 3196 ἢ
721 3123 791 3202 παρ’
817 3125 886 3200 ὑμῖν
907 3152 954 3167 --
973 3125 1049 3199 μηδὲ
1078 3124 1178 3202 mariv
1200 3121 1401 3202 redamate,
1427 3124 1498 3198 μηδ’

557 3244 581 3304 ri
613 3239 718 3305 adara
747 3242 789 3306 τα
817 3241 899 3306 ueraci
921 3241 1027 3320 ὑπέρευ
1056 3242 1301 3318 πεπολίτευμαι,
1325 3238 1400 3306 αλλ’
1423 3243 1497 3305 aira·

559 3357 667 3430 ςαντες
695 3359 956 3438 καταψηφίσασθε
983 3358 1048 3434 ἤδη·
1076 3353 1117 3421 (¹)

603 3473 651 3536 De
682 3474 789 3536 ceteris
827 3488 932 3536 antem
968 3471 1127 3538 Guilielmi
1160 3469 1328 3538 virtutibus
1364 3469 1500 3534 breviter

561 3585 794 3679 disputaturus,
823 3593 947 3657 cuinam
969 3594 1123 3684 potiorem
1145 3615 1241 3680 quam
1265 3593 1374 3682 pietati
1396 3588 1500 3658 locum

564 3710 723 3792 tribuam,
747 3735 827 3799 quae
851 3727 968 3800 quanta
987 3709 1032 3776 illi
1055 3737 1072 3776 a
1093 3712 1195 3802 pritna
1215 3708 1291 3776 inde
1311 3727 1408 3776 aetate
1428 3709 1501 3776 sue·

504 3890 513 3911 ,
566 3828 630 3910 rit,
653 3853 753 3918 quum
771 3828 947 3896 domesticis
967 3828 1074 3896 adhuc
1097 3830 1246 3921 exemplis
1276 3847 1308 3895 et
1331 3831 1502 3896 institutio-

569 3969 609 4009 ne
641 3945 816 4031 frueretur,
850 3973 944 4039 supra
979 3947 1123 4018 vidimus.
1166 3953 1235 4018 Jam
1266 3968 1335 4020 tum
1363 3949 1504 4040 explica-

579 4126 875 4145 *Ἣ

606 4211 646 4279 (ι)
668 4209 790 4263 Demost.
809 4211 842 4262 dc
861 4213 978 4264 Corona.
998 4231 1022 4267 e.
1039 4214 1065 4266 5.
