3456 5676
672 909 733 972 215

230 1080 359 1146 invitam
382 1077 490 1146 cedere
512 1083 573 1144 suis
593 1081 740 1172 precibus
762 1085 897 1168 coegerit
936 1083 989 1152 (¹).
1019 1087 1096 1150 Prae
1117 1109 1171 1150 ee-

231 1201 303 1266 teris
335 1201 480 1268 omuibus
503 1199 688 1268 Guilielmus
709 1204 963 1287 Begermaummr
984 1201 1078 1270 coluit
1108 1205 1170 1288 (ῆς

231 1321 323 1406 cujus
357 1321 506 1386 acerbitas
535 1344 606 1408 erga
637 1323 915 1406 liemonstrantes‚
959 1324 1038 1414 quin
1067 1323 1175 1390 similia

231 1437 317 1530 sarred
338 1439 427 1506 illum
448 1438 550 1506 studia
574 1442 771 1523 excitaverit,
795 1458 826 1506 et
846 1443 1028 1514 nutriverit,
1055 1444 1106 1529 rix
1130 1459 1176 1507 est

231 1557 320 1649 quod
347 1558 536 1628 dubitemus.
591 1563 639 1626 Ex
663 1560 841 1628 consiliariis
866 1559 1040 1655 plurimum
1069 1561 1174 1628 Eber-

231 1677 323 1744 ltardi
344 1676 474 1744 Reidani
500 1695 531 1744 et
550 1681 677 1747 Jontmis
691 1682 862 1772 Cornputii
888 1679 1093 1747 familiaritate
1113 1679 1171 1745 de·

230 1797 411 1866 lectabatur.
458 1799 548 1868 Alter
567 1802 722 1890 imprimis
742 1802 857 1886 ingenii
876 1803 1021 1868 acumine
1038 1799 1173 1877 valebat,

231 1931 263 1982 et
295 1939 402 1984 terum
435 1919 596 1990 omnium,
637 1941 717 2008 quae
747 1919 782 1982 iu
811 1917 894 1985 hello
924 1935 955 1984 et
980 1943 1056 2010 pace
1090 1920 1175 2012 apud

232 2052 348 2104 veteres
374 2053 405 2102 et
427 2039 612 2105 recentiores
644 2037 858 2103 memorabiles
888 2037 1088 2121 acciderant,
1123 2064 1173 2102 sa-

231 2159 321 2250 piens
345 2175 410 2224 emt
433 2156 646 2249 disceptator;
685 2157 762 2222 alter
782 2159 816 2222 in
839 2158 907 2250 pari
937 2159 1052 2244 ingenii
1085 2157 1175 2222 laude

231 2280 380 2365 raanjorem
402 2280 473 2343 artis
493 2277 638 2360 bellicae,
661 2279 842 2370 praesertim
864 2277 1089 2344 architecturae
1111 2281 1174 2342 mi-

231 2396 327 2464 litaris
358 2399 517 2466 scientiam
547 2395 735 2490 possidebat.
792 2399 854 2464 Hos
884 2395 1024 2487 quotidie
1054 2395 1118 2462 l'ere
1137 2397 1175 2461 ad
1252 2403 1256 2414 '

230 2541 363 2586 coenam
394 2519 565 2602 invitabat,
600 2534 637 2584 ut
668 2516 844 2584 Reidauum
867 2516 907 2582 de
936 2518 1077 2602 gentium
1106 2517 1174 2582 his-

234 2641 333 2720 toria,
378 2636 418 2704 de
450 2639 587 2727 antiquis
612 2641 798 2704 Batavorum
822 2638 992 2720 institutis,
1039 2637 1176 2702 moribus

231 2785 268 2826 ac
291 2757 591 2841 consuetudinibus,
617 2755 720 2848 deque
742 2762 814 2845 jure
845 2756 992 2850 publi00‚
1020 2758 1173 2847 Cornpu-

233 2878 313 2942 tium
344 2901 417 2946 vero
444 2877 484 2944 de
515 2893 658 2944 veterum
679 2892 710 2942 et
731 2879 943 2944 recentiorum
966 2893 1030 2944 aste
1052 2877 1175 2942 militari

228 2997 332 3088 perite
353 2994 535 3068 disserentes
559 2995 679 3062 audiret
708 2998 760 3064 llll.
805 2999 854 3062 Ex
885 2995 1082 3064 eruditorum
1108 3023 1172 3064 nu-

230 3139 317 3188 mero
350 3117 514 3207 expetebat
546 3118 605 3182 sibi
640 3117 836 3206 potissimum
879 3116 1026 3182 Ubbonis
1059 3119 1174 3182 Emmii

229 3236 487 3314 landliar·itatem;
514 3259 587 3300 nam
616 3236 674 3300 viri
702 3234 796 3320 hujus
827 3233 992 3300 cordatum
1014 3237 1173 3320 ingenium

168 3345 172 3351 ’
229 3355 473 3444 Nestoreamque
495 3356 528 3418 in
549 3353 681 3420 consiliis
711 3351 822 3418 dandis
855 3351 1058 3443 prudentiam
1082 3341 1171 3446 saepe

248 3557 274 3568 -q
277 3555 554 3570 uuo-m·

269 3667 309 3732 (r)
331 3661 412 3730 lleyd
433 3661 450 3710 l.
472 3661 508 3713 X.
528 3681 552 3727 p.
567 3679 625 3714 221.
644 3661 785 3726 Selruitep.
804 3679 830 3725 p.
844 3678 902 3728 ²²7·
922 3661 1042 3712 Bromius
1072 3680 1097 3728 p.
1110 3663 1172 3712 nio.

235 3751 370 3803 Successit
392 3749 462 3802 idem
481 3767 550 3800 unito
570 3750 637 3802 1604
656 3749 801 3801 Frederieo
820 3748 960 3802 Vervorio
979 3752 1006 3801 in
1026 3753 1101 3802 atrine
1115 3771 1175 3802 rua-

237 3841 384 3908 gislerlurn·
402 3840 442 3892 lll-
462 3843 491 3892 S·
511 3841 562 3893 cll·

271 3935 310 3998 (α)
333 3930 409 3981 Fecit
430 3932 453 3980 is
472 3931 614 3982 Guilielmi
637 3931 751 3998 elogium
772 3932 800 3981 in
824 3931 992 3984 Praefatioue
1011 3933 1042 3982 ad
1062 3937 1173 3986 Prasia

233 4040 312 4071 verde
330 4023 445 4072 Pontis.
465 4021 552 4084 1616,
572 4021 715 4089 eidemque
734 4021 877 4074 decessuro
894 4023 977 4074 alluit.
1019 4023 1060 4075 Cf.
1083 4025 1108 4074 J.
1131 4025 1169 4072 tta

234 4110 327 4162 Contu.
346 4112 365 4158 I
366 4109 542 4178 nliclttingen
561 4120 625 4160 oret.
640 4109 664 4160 'e
677 4110 810 4163 karalter
821 4130 874 4164 vae
885 4114 1010 4163 Maurits·
1038 4129 1064 4177 1¹.
1076 4114 1109 4164 lt
1130 4116 1172 4165 lt.

272 4197 312 4265 (ὅ)
334 4196 461 4250 maturius.
479 4216 506 4264 p·
527 4198 585 4267 257·
606 4197 752 4268 Seltullep.
770 4199 788 4249 l.
810 4200 826 4250 l.
