3454 5658
998 880 1040 945 34

575 1056 636 1121 ciao
668 1031 829 1120 commoda
872 1055 1012 1118 animum
1047 1051 1209 1118 revocavit.
1241 1049 1279 1118 (¹)
1338 1051 1379 1118 Et
1409 1049 1511 1144 siqui-

574 1174 648 1238 dem
673 1171 759 1239 haud
778 1171 891 1265 procul
918 1172 1086 1238 Stenovico
1109 1172 1143 1234 in
1169 1170 1282 1235 Frisiae
1303 1168 1390 1235 aditu
1411 1169 1513 1237 hostes

575 1293 640 1360 duo
671 1294 792 1359 munita
827 1292 893 1358 loca
927 1289 1192 1377 Slichenburgum
1227 1305 1259 1354 et
1294 1287 1513 1356 Oldemarcam

577 1414 743 1496 tenebant,
788 1434 926 1502 quorum
959 1407 1110 1500 praesidia
1140 1407 1179 1474 ad
1211 1410 1328 1474 t1ibuta
1356 1407 1514 1500 sylvestres

575 1531 678 1623 plagas
708 1528 892 1617 adigebant,
921 1528 1080 1621 profectus
1108 1544 1154 1593 est
1181 1525 1221 1594 ad
1248 1526 1514 1620 priorem'locum

578 1648 629 1716 die
648 1655 668 1719 9
691 1652 770 1738 Maji
793 1674 866 1717 cum
889 1664 1023 1738 quatuor
1046 1650 1228 1727 tormentis3
1263 1645 1382 1738 reliqua
1403 1671 1511 1714 neees-

577 1769 652 1834 saria
674 1771 803 1835 navibus
825 1766 1016 1860 imponenda
1040 1767 1169 1833 curavit.
1227 1767 1437 1856 septingentis
1457 1791 1511 1832 ar-

577 1887 682 1972 matis,
708 1911 792 1977 quos,
807 1885 960 1969 ducebat,
981 1884 1102 1952 addidit
1125 1887 1258 1973 Sonojus
1277 1888 1421 1977 qtrinque
1434 1912 1511 1954 cen·

578 2007 688 2090 turias,
712 2029 751 2071 ex
774 2005 940 2073 Hollaudia
960 2004 1202 2098 Septentrionali
1224 2006 1396 2092 conflatas;
1418 2025 1513 2099 atque

577 2141 683 2192 auctor
704 2124 783 2208 luit,
808 2142 844 2191 ut
865 2125 986 2192 castella
1006 2142 1091 2195 extra
1119 2124 1252 2192 telorum
1274 2128 1398 2214 jactum
1423 2115 1515 2194 exciss

573 2259 741 2325 ·rarentm·,
762 2259 794 2309 et
817 2261 1003 2330 urgerentur
1027 2244 1108 2338 fame
1130 2246 1229 2330 cives3
1254 2245 1511 2313 Guilielmusles-

579 2363 725 2429 tinantius
752 2385 820 2428 rem
838 2363 886 2448 agi
904 2362 1058 2448 malebat,
1085 2365 1179 2430 satius
1196 2389 1258 2430 esse
1280 2363 1412 2451 dicens,
1441 2391 1511 2432 sus-

578 2483 681 2574 picere
708 2482 852 2566 hostem,
887 2507 983 2573 quam
1013 2469 1030 2549 e
1058 2483 1232 2574 longinquo
1262 2465 1512 2554 animadvertere.

578 2601 783 2692 Quapropter
807 2601 968 2668 cuniculos
992 2625 1053 2668 esse
1077 2601 1253 2690 faciendos,
1277 2603 1318 2670 ad
1338 2605 1415 2673 valla
1442 2623 1511 2673 tor-

577 2735 757 2787 mentorum
785 2721 816 2787 vi
851 2720 1095 2814 perrumpenda.
1146 2725 1230 2792 Neve
1247 2727 1436 2792 extrinsecus
1453 2751 1512 2791 au-

578 2838 648 2904 xilia
666 2836 808 2906 adessent
828 2839 931 2924 hosti,
955 2839 1074 2907 facilius
1088 2843 1187 2910 caveri
1198 2867 1308 2934 posse,
1327 2846 1352 2909 si
1374 2843 1512 2912 conserta

578 2958 714 3024 militum
730 2959 780 3026 ris
803 2960 838 3024 in
863 2957 967 3026 castris
990 2977 1087 3045 esset,
1111 2985 1207 3051 quam
1228 2963 1253 3027 si
1272 2961 1361 3028 latius
1381 2960 1492 3030 diffusa
1502 2993 1525 3052 a·

579 3103 659 3170 quae
678 3079 762 3143 enim
786 3075 879 3144 ferrei
899 3077 1028 3164 annuli,
1048 3077 1181 3146 eandem
1212 3083 1372 3169 copiarum
1398 3080 1512 3146 milita-

577 3199 661 3263 rium
678 3199 831 3264 rationem
855 3219 940 3278 esse:
963 3223 1028 3288 quo
1039 3197 1128 3264 latius
1139 3198 1376 3283 extenduntur,
1397 3223 1435 3266 eo
1455 3224 1512 3266 ex-

578 3334 751 3384 tenuantur
780 3317 876 3403 magis
906 3327 938 3381 et
966 3314 1183 3382 debilitantur.
1240 3315 1432 3384 Praesidium
1454 3317 1516 3385 loci

578 3439 703 3504 tenebat
735 3437 878 3504 centurio
912 3461 986 3502 cum
1017 3459 1114 3527 parva
1154 3457 1271 3520 manu,
1311 3433 1365 3502 sed
1403 3438 1516 3504 acriter

579 3537 759 3622 restiterunt
788 3552 1008 3621 adorientibus.
1062 3556 1209 3622 Proximo
1228 3579 1320 3622 mane
1341 3553 1407 3623 duo
1427 3557 1512 3622 obsi—

579 3674 723 3741 dentium
740 3691 893 3742 tormenta
910 3674 1051 3740 vicinum
1063 3671 1179 3742 clivum
1196 3675 1410 3766 occupabant,
1429 3671 1515 3740 unde

578 3794 695 3880 majore
724 3789 841 3858 danmo
870 3789 951 3857 affici
982 3813 1070 3882 posse
1094 3790 1179 3859 loeus
1203 3781 1376 3860 ridebatur.
1439 3795 1512 3860 Pri-

579 3936 671 3994 mus,
696 3913 753 4004 qui
773 3911 974 3978 emittebatur
996 3907 1124 3996 globus,
1154 3911 1343 3979 centun'onis
1357 3913 1402 3977 'in
1428 3909 1514 3978 aedes
1545 3949 1548 3956 ·

615 4175 655 4242 (ι)
677 4157 768 4240 tayo,
790 4174 813 4226 t:
828 4173 844 4221 t.
865 4190 890 4236 p.
910 4175 950 4224 ss.
