3432 5666
1011 845 1053 911 58

563 1031 610 1082 tue
631 1013 719 1084 letius
741 1041 799 1110 per
824 1018 1018 1110 provinciam
1040 1031 1305 1112 propugnantum
1343 1017 1508 1084 Faotiosov·

562 1158 634 1200 rum
668 1138 793 1210 nomine
825 1135 1002 1229 adscripta:
1027 1152 1150 1227 praeter
1175 1133 1335 1204 Hesselum
1353 1135 1504 1227 Ayemern

561 1252 705 1345 plerique
737 1257 865 1322 urbium
895 1253 1056 1340 eonsules,
1087 1271 1120 1322 et
1151 1256 1207 1346 qui
1234 1257 1462 1344 memetratibus
1483 1282 1504 1322 a

557 1375 682 1442 seeretis
724 1392 836 1460 erant,
880 1375 1148 1457 nominabanture
1190 1399 1256 1466 quo
1298 1373 1501 1470 periculosior

559 1496 746 1586 conspiratio
763 1497 876 1564 Frisios
896 1494 986 1564 saluti
1006 1493 1185 1564 Ordinibus
1207 1493 1381 1562 videbatur.
1423 1495 1500 1562 Etru

558 1637 688 1708 quoque
711 1615 858 1710 epistole,
887 1617 928 1684 ab
946 1614 1124 1694 Elisebotbn
1146 1613 1186 1682 ad
1209 1612 1346 1682 Ordines
1363 1615 1504 1706 scripta,

557 1759 620 1826 qua
650 1735 837 1804 Lieestrium
867 1736 903 1802 iie
920 1723 1118 1828 'magnopere
1140 1708 1405 1817 commendabat,
1428 1731 1496 1800 ool-

555 1851 684 1928 laudatis
717 1877 826 1922 eorum
858 1855 995 1938 meritis,
1029 1855 1123 1946 quia
1147 1852 1312 1920 baudibus
1333 1851 1497 1944 dolisque,

460 1997 461 2000 ¹
556 1976 672 2065 quibus
699 1973 825 2042 scelesta
849 1976 948 2068 cupita
973 1975 1130 2045 concitore
1154 1975 1221 2060 ejus
1236 1971 1342 2054 ‚studia
1365 1973 1399 2038 in
1423 1971 1503 2038 illo-¹

554 2118 627 2160 rum
659 2096 832 2188 perniciem
866 2092 1071 2177 studuerant,
1101 2091 1278 2186 prudenter
1302 2113 1376 2158 eum
1403 2114 1494 2158 ever-

553 2215 671 2282 tissent.
737 2213 884 2282 Tandem
915 2211 1088 2305 prodibant
1120 2212 1257 2295 litterae,
1289 2212 1328 2278 ab
1362 2209 1496 2301 syenae

551 2333 647 2400 fratre
683 2333 863 2418 consectae,
894 2334 1011 2423 quibus
1048 2348 1080 2398 et
1114 2329 1253 2400 Ordines
1277 2329 1495 2398 contumeliose

554 2455 800 2537 accusabantur,
835 2469 867 2518 et
896 2453 1063 2519 Lieestrius
1086 2475 1182 2543 prava
1202 2467 1234 2516 et
1257 2448 1367 2516 infeste
1387 2447 1493 2514 medi-

553 2575 610 2640 uri
645 2572 819 2642 dicebatur.
873 2573 958 2640 Haeo
992 2572 1096 2640 omnia
1130 2569 1315 2640 Guilielmua
1336 2569 1491 2658 Delegati-

552 2713 615 2784 que
633 2689 796 2760 Ordinem
820 2717 893 2760 cum
917 2707 989 2760 outo
1011 2691 1186 2760 civitatibus
1208 2692 1492 2762 communicarunt.

551 2813 667 2876 Cerere
695 2825 799 2876 autem
829 2810 1016 2878 Lioestrium
1038 2837 1056 2876 e
1080 2812 1237 2878 Dominiei
1258 2811 1385 2878 Richeei
1411 2810 1487 2878 alio-

549 2953 686 3022 rumque
728 2929 762 2996 id
805 2931 925 3018 generis
966 2947 1191 2997 assentatorum
1233 2928 1350 2996 insidiis
1384 2933 1487 3018 jusse-

548 3064 625 3116 runt
636 3098 648 3134 ,
672 3050 727 3142 qni
760 3072 807 3118 res
837 3073 932 3118 novas
948 3049 1176 3133 moliebantur,
1199 3051 1289 3116 utin
1311 3052 1391 3140 ipsos
1412 3049 1488 3116 inde

550 3166 712 3236 commoda
757 3166 981 3238 redundarent.
1036 3172 1139 3237 Deum
1171 3171 1270 3236 testati
1306 3187 1400 3254 sunt,
1432 3171 1488 3236 ni·

548 3289 594 3358 hil
628 3291 688 3358 sibi
723 3314 812 3358 eneae
844 3288 996 3382 cordique
1027 3291 1121 3378 magis
1153 3313 1238 3374 esse,
1273 3315 1371 3382 quum
1398 3313 1486 3360 verae
1601 3371 1603 3382 .

546 3408 699 3496 religionis
733 3410 912 3501 patriaeque
947 3433 1103 3494 naussum,
1134 3426 1167 3476 et
1193 3407 1336 3476 detestari
1355 3433 1488 3504 pacem,

548 3551 628 3618 quae
660 3553 738 3604 oum
767 3529 851 3621 penis
887 3528 1027 3598 hostibus
1062 3531 1215 3613 iniretm,
1262 3528 1487 3620 profitentibus

439 3723 445 3737 x
546 3645 664 3716 nullum
685 3671 716 3714 se
738 3673 879 3739 unquam
900 3650 959 3716 nisi
984 3649 1178 3718 Catholioam
1201 3649 1379 3738 religionem
1403 3651 1482 3719 tole·

545 3781 675 3850 retusos.
701 3766 741 3834 (ι)

589 3887 721 3956 Interim
765 3886 950 3958 Guilielmus
996 3888 1127 3957 ineundi
1173 3891 1363 3960 matrimonii
1409 3915 1483 3960 oum

544 4063 827 4080 m

581 4153 622 4222 (ι)
644 4149 714 4219 Bor,
734 4150 783 4208 bl.
800 4170 882 4224 pap·
920 4150 1025 4218 llooit,
1044 4150 1063 4204 l.
1078 4150 1095 4203 l.
1113 4153 1213 4220 pado·
