3454 5658
15 1357 17 1402 l

649 929 684 996 ll

201 1103 321 1189 Viginti
351 1127 446 1172 annos
480 1121 590 1188 natus,
622 1107 715 1171 rebus
734 1102 875 1195 gerendis
895 1127 973 1197 par,
996 1127 1014 1168 a
1034 1099 1136 1169 Frisiis

197 1203 421 1308 arcessebatur,
454 1239 491 1289 ut
520 1224 646 1310 legionis
665 1225 820 1311 integrae,
837 1203 895 1291 ¹cni
915 1245 1030 1290 nomen
1051 1219 1133 1288 Nas-

197 1342 310 1408 savicae
332 1339 460 1426 datum,
492 1341 720 1433 praefecturam
740 1344 905 1434 reciperet.
949 1341 1020 1432 Qui
1043 1365 1131 1407 uun·

198 1461 262 1526 cius
294 1485 392 1552 quam
421 1477 523 1549 gratus
546 1464 656 1550 juveni
679 1460 858 1547 accideret,
891 1459 979 1528 credi
997 1461 1049 1527 vix
1065 1471 1132 1549 'po-

198 1596 276 1666 test3
309 1569 510 1668 instigabatur
537 1598 640 1648 autem
673 1583 825 1665 maxime,
866 1597 902 1646 ut
933 1580 1052 1646 honore
1082 1577 1135 1644 illo

196 1695 329 1784 dignum
362 1723 394 1765 se
419 1701 576 1792 probaret.
620 1703 663 1768 Et
682 1701 829 1768 satisfecit
846 1723 954 1767 eorum
970 1713 1134 1790 exspecta-

197 1817 294 1902 tioni,
325 1820 367 1884 ita
398 1835 435 1884 nt
460 1819 562 1888 collati
582 1822 616 1886 in
636 1814 710 1886 eum
729 1818 877 1887 beneficii
897 1843 949 1885 eos
969 1839 1035 1886 non
1054 1839 1133 1908 poe-

196 1937 319 2002 niteret.
371 1925 435 2005 ‘Vix
466 1940 551 2004 enim
580 1937 615 2004 in
646 1939 775 2016 Frisiam
803 1961 835 2005 se
856 1953 1039 2030 receperat,
1062 1959 1136 2006 eum

195 2039 416 2121 fortitudinem
442 2075 532 2123 suam
557 2081 592 2122 ac
614 2055 815 2147 prudentiam
833 2058 967 2149 probare
988 2058 1023 2120 in
1045 2056 1132 2120 Gro-

195 2175 339 2259 ningensi
368 2171 528 2239 obsidione
564 2189 734 2259 cogeretur.
767 2172 809 2240 l¹l
855 2171 919 2240 Sed
950 2171 1137 2262 priusquam

197 2315 265 2358 eam
283 2290 400 2356 referre
421 2313 604 2384 pergamus,
626 2313 749 2356 necesse
770 2307 839 2374 est,
862 2307 900 2356 ut
910 2291 1017 2382 paucis
1027 2313 1135 2356 rerum

199 2413 233 2476 in
264 2410 315 2476 his
342 2410 521 2496 regionibus
540 2408 753 2476 conditionem
764 2401 1021 2488 ‚adumbremus'u
1056 2422 1060 2429 ’

238 2529 286 2598 Ex
303 2553 368 2620 quo
379 2531 453 2594 Dux
464 2526 605 2595 Albanus
615 2527 738 2614 Belgica
760 2526 957 2611 discesserat,
980 2525 1131 2594 horrifici

195 2649 330 2715 nominis
353 2646 647 2730 memorarunt,
681 2647 752 2713 novi
773 2635 923 2738 deinceps
943 2671 960 2712 a
982 2643 1134 2737 Philippo
1175 2661 1180 2672 '

196 2767 281 2831 missi
299 2781 431 2846 rectores
453 2781 562 2848 erant,
585 2788 601 2829 e
622 2765 737 2854 quibus
758 2763 936 2832 Alexander
953 2765 1133 2849 Farnesius,

196 2885 270 2950 Dux
303 2884 495 2967 Parmensis,
526 2884 583 2975 qui
612 2881 674 2950 hoc
698 2897 845 2975 tempore·
855 2873 1134 2951 remm‘sumr'nam

196 3003 338 3084 tenebat,
371 2999 545 3092 plurimum
574 3002 747 3093 praestabat
767 3000 933 3094 prudentia
955 3004 1134 3094 ingeniique

195 3120 346 3186 acunrine.
402 3121 431 3185 ls
461 3121 516 3184 etsi
544 3113 651 3212 aperto
671 3122 775 3187 Marte
804 3117 992 3207 cum'Belgis
1015 3121 1131 3188 conili-

197 3237 335 3325 gendum
364 3263 427 3304 esse
455 3237 631 3326 judicaret,
670 3256 774 3306 tamen
812 3265 830 3306 a
868 3239 978 3306 fraude
1003 3241 1133 3336 minime

195 3354 330 3439 alienus,
364 3353 559 3422 clandestinis
588 3357 720 3423 consiliis
740 3357 968 3448 propositisque
989 3359 1133 3451 praemiis

193 3473 332 3541 labantes
344 3473 545 3566 quorundam
565 3477 683 3542 animos
704 3475 745 3542 ad
764 3471 970 3544 desectionem
984 3475 1132 3543 sollicita-

196 3595 257 3660 bat'
302 3593 453 3660 Plurimos
472 3617 544 3659 sane
568 3592 692 3687 decepit
703 3571 927 3682 ;···ali0s'var0,
950 3617 1018 3661 rem
1039 3587 1130 3660 nefa-

195 3712 272 3776 riam
300 3729 469 3796 aversatos,
491 3715 631 3780 irritabat
651 3717 755 3800 magis.
799 3709 868 3782 llos
883 3715 1003 3806 quippe
1024 3701 1132 3782 foe'dus

196 3829 324 3914 sociale,
347 3829 380 3896 d.
408 3833 533 3898 letan.
562 3832 642 3902 1579
668 3832 807 3920 Trajecti
829 3832 868 3898 ad
891 3832 1040 3901 Rhenum
1065 3835 1146 3900 ini-¹

201 3979 491 3997 -Ἣ

232 4045 274 4114 (ι)
294 4043 377 4097 Ubbo
396 4044 532 4108 litamina,
551 4043 617 4096 Vita
631 4041 710 4097 Gau.
726 4044 834 4100 Ludos.
851 4064 880 4114 p.
899 4045 1135 4100 adhe-Win-

196 4131 310 4196 nemius,
328 4131 431 4182 Frisiae
444 4133 546 4186 Chaon.
567 4131 815 4202 1.xvt11.p.664.
827 4161 859 4177 ··
871 4135 993 4216 ditaema
1003 4172 1011 4203 ,
1021 4135 1131 4204 Yrede-
1207 4195 1209 4202 ,

81 4208 83 4216 ¹
196 4219 276 4274 haud.
296 4220 344 4275 der
362 4217 480 4276 Vereen.
497 4221 610 4276 Nederl.
630 4223 654 4276 1.
667 4223 694 4276 d.
712 4241 740 4293 p.
752 4225 778 4278 5.
