3408 5664
642 906 699 972 1‘29

196 1077 383 1146 Gnilielmus
405 1077 582 1146 Imtlovious
607 1081 766 1150 Nassavins
802 1095 833 1145 ot
863 1075 1037 1148 Walnv‘ius
1057 1063 1144 1145 Bra-⁶

194 1195 343 1264 derodius
368 1199 420 1267 (¹).
466 1201 551 1268 Cum
573 1216 676 1266 autem
704 1200 788 1286 Haga
818 1199 947 1266 Comitis
972 1216 1136 1266 utrorum·

196 1341 260 1407 que
290 1317 393 1404 legatis
419 1317 626 1386 conveniendi
650 1316 737 1383 sedes
759 1333 836 1384 esset
854 1317 996 1402 indicta,
1030 1319 1134 1385 Risvi-

191 1463 270 1504 cnm
287 1437 388 1505 rhedo
419 1437 555 1532 profecti
583 1440 735 1529 Princeps
758 1438 948 1520 Mauritius,
981 1439 1137 1506 Hemicus

194 1555 377 1624 Fredericus
410 1575 442 1624 et
472 1557 658 1626 Guilielmus-
694 1555 897 1640 Ludovious,
947 1563 1142 1646 exceperunt

192 1676 256 1744 illic
278 1679 460 1771 Hispanioos
477 1678 608 1766 legatos,
631 1693 663 1742 et
686 1677 804 1764 Hagam
824 1673 995 1742 deduxere.
1039 1675 1138 1741 Prin·

194 1797 260 1888 oipi
293 1796 442 1888 Spinola,
489 1797 627 1864 Henrieo
669 1793 837 1862 Frederioo
883 1790 1141 1876 Mancicidoius,

195 1913 363 1982 Guilielmo
383 1913 569 1982 Ricardotus
598 1913 784 1980 assidebant.
820 1910 933 1980 Fuerit
954 1937 1029 1979 sane
1047 1935 1137 1999 mag-

197 2032 332 2101 nificum
358 2034 595 2126 spectaculum,
628 2036 663 2100 in
688 2035 809 2100 mutuis
840 2033 1034 2126 amplexibus
1062 2033 1140 2100 hae-

194 2167 298 2218 rentes
324 2152 601 2244 colloquentesque
633 2151 674 2217 de
704 2152 798 2216 rebus
818 2151 911 2236 gestis
933 2147 1058 2232 videre,
1086 2153 1142 2241 qui

195 2272 322 2337 nuximi
341 2269 578 2337 celebrabantur
594 2294 631 2336 eo
652 2286 792 2360 tempore
808 2267 880 2335 belli
903 2266 1019 2352 duces,
1041 2270 1140 2336 Mnu-

195 2390 304 2456 sitium
323 2407 356 2455 et
378 2389 540 2481 Spinolam
564 2390 620 2457 (²).
683 2391 848 2458 Institutoe
880 2413 954 2456 mox
983 2386 1140 2454 delibera-

196 2510 293 2576 tiones
327 2507 367 2574 de
401 2527 555 2602 perpetua
586 2529 680 2602 poce,
718 2511 871 2600 abruptae
896 2503 1008 2591 suere,
1052 2507 1141 2602 quod

196 2631 289 2694 nimis
317 2629 407 2696 alieni
435 2631 474 2694 ub
497 2654 531 2696 ea
558 2633 749 2696 Batavorum
773 2631 869 2696 animi
893 2631 1142 2722 reperiebantur.

196 2750 286 2814 Tum
315 2747 354 2813 do
383 2747 517 2815 induciis
552 2751 600 2836 agi
633 2765 802 2839 coeptum:
836 2747 891 2814 sed
921 2762 985 2814 tam
1015 2747 1143 2840 iniquae

200 2870 412 2960 ffispanorum
441 2866 520 2954 leges
548 2869 833 2964 proponebantiu,
866 2885 903 2934 ut
931 2871 1012 2935 actio
1041 2872 1142 2936 omnis

194 2986 443 3068 discinderetur,
478 3008 514 3054 no
536 2985 778 3074 regrederentur
802 3011 861 3080 per
885 2989 1084 3056 Brobantiam
1106 2987 1141 3055 in

198 3109 380 3199 Hispaniam
406 3106 497 3194 legati
530 3105 563 3172 d.
591 3109 605 3174 l
630 3110 722 3189 Oct,
766 3108 839 3197 quia
871 3124 1040 3200 prorogato
1067 3132 1138 3176 sae·
1210 3151 1218 3169 .

206 3229 277 3322 pius
311 3225 510 3292 induciarum
548 3241 687 3315 tempore
719 3225 842 3316 elapso,
885 3227 1043 3318 promissis
1075 3251 1142 3299 nou

233 3489 274 3558 (r)
294 3491 333 3541 Be
349 3489 498 3541 Provincia
513 3491 596 3542 nnita.
613 3490 756 3542 havavano
776 3492 864 3561 fatto
892 3488 1027 3544 elutione
1059 3493 1142 3546 arrolt’
1204 3529 1212 3544 .

197 3595 256 3630 essa
273 3577 316 3630 de'
340 3579 385 3630 lor
407 3581 558 3648 Deputatis
594 3576 634 3631 N'
657 3593 708 3629 era
727 3587 807 3630 stato
831 3579 916 3630 eletio
936 3597 992 3631 uno
1011 3583 1041 3632 di
1062 3583 1142 3634 cias-

204 3685 278 3736 cuna
306 3669 477 3731 Provincia,
506 3671 594 3720 odua
620 3669 650 3720 di
683 3685 788 3737 sangae
821 3668 908 3718 molto
932 3671 1092 3739 principale
1113 3674 1142 3726 in

200 3744 282 3808 nome
309 3775 423 3812 comune
454 3759 484 3808 di
515 3766 606 3818 tum,-
635 3772 650 3810 a
680 3757 775 3826 questi
804 3757 859 3808 due
888 3775 975 3808 erano
1004 3758 1028 3809 it
1056 3761 1142 3813 Gonia

204 3845 363 3916 Gnglielnao
381 3847 411 3898 dt
421 3844 555 3913 Narrat,
575 3849 669 3918 primo
686 3848 785 3916 ougino
807 3847 853 3898 det
872 3849 960 3899 Gonte
976 3849 1141 3916 Mauritiu,

202 3935 239 3986 ed
255 3935 279 3984 il
302 3935 417 4005 signore
433 3936 463 3986 di
482 3937 690 3988 mederasm-
709 3934 902 4004 Bentivogii0‚
923 3934 978 4003 Op.
996 3937 1071 3994 citi
1100 3939 1141 3993 ll.

201 4039 231 4090 p.
251 4039 311 4092 ²¹7·

239 4112 282 4179 (2)
304 4110 363 4164 Van
382 4113 475 4179 Wijn,
501 4113 670 4183 Bp'voagaels
700 4133 734 4182 op
755 4114 804 4166 liet
825 4113 868 4166 IX
890 4118 928 4166 D·
950 4117 1000 4166 der
1026 4115 1143 4168 Vaderis

201 4201 282 4253 Hist.
305 4219 359 4252 van
384 4203 565 4268 Wugenaar,
583 4220 609 4270 p.
629 4219 676 4256 aot
708 4202 842 4267 Grotius,
868 4203 990 4256 txvl.
1014 4222 1042 4270 p.
1059 4205 1119 4258 ⁵33.

991 4310 1010 4369 9
