3408 5664
994 909 1055 976 tot

553 1082 641 1148 nium
662 1083 865 1175 opinionem,
887 1099 919 1150 et
940 1105 976 1149 ea
1000 1083 1130 1154 omnino
1159 1081 1281 1173 experti
1296 1077 1385 1146 'sunt
1416 1077 1488 1145 soe-

551 1199 672 1287 damn,
718 1227 798 1294 quae
832 1199 873 1270 ad
907 1225 1051 1289 magnam
1087 1198 1279 1292 reipublicae
1309 1196 1489 1266 felicitatem

551 1318 691 1386 tidenter
714 1319 902 1390 Guilielmus
923 1337 956 1388 et
983 1319 1147 1413 perspicue
1169 1333 1362 1411 exposuerat.
1405 1318 1489 1384 Vere

553 1438 775 1506 Sallustianum
806 1439 885 1507 illud
910 1437 1037 1508 volvisse
1066 1439 1173 1508 animo
1201 1434 1347 1504 videtur:
1364 1439 1486 1525 priua·

550 1581 651 1650 prtum
672 1563 834 1650 ineptior,
855 1561 1025 1636 emarcum·
1047 1568 1080 1624 ct
1100 1559 1159 1624 utt
1171 1558 1487 1639 commoriemu-

553 1685 628 1745 tore
638 1678 739 1764 farto
759 1701 841 1769 opor
863 1687 920 1746 eat.
973 1677 1158 1769 Utrumque
1169 1700 1237 1767 per
1256 1701 1293 1744 re
1313 1675 1490 1765 indigena,

553 1797 697 1866 auorum
719 1799 864 1864 coartio
883 1800 1013 1869 auritio
1035 1808 1117 1888 eget.
1143 1797 1198 1866 (Ι).

597 1910 662 1982 Sed
686 1915 893 2004 prudentiae
922 1913 1007 1984 idem
1041 1916 1201 1984 laudator
1222 1915 1423 2000 Guilielmue,
1457 1925 1492 1982 et

553 2034 738 2100 octennem
769 2057 901 2125 seraper
928 2038 1076 2102 consiliat
1107 2059 1245 2105 acernea
1277 2037 1333 2105 (ὓ.
1398 2033 1491 2105 Plura

504 2173 506 2178 ·
552 2152 644 2220 nobis
674 2154 719 2220 rei
744 2151 861 2221 indicia
878 2155 913 2222 in
934 2152 1141 2226 deaoeibenda
1167 2156 1226 2224 viri
1255 2155 1319 2224 vita
1349 2155 1509 2240 obvene-¹

553 2285 654 2358 aunt3
679 2270 771 2338 null'n
787 2271 947 2341 laboribus
972 2291 1006 2342 et
1028 2276 1184 2344 aerumnis
1201 2298 1331 2368 parcam
1351 2274 1489 2359 solebat,

555 2391 581 2458 ai
609 2415 672 2484 qua
692 2392 910 2480 excogitasset,
946 2418 1049 2485 quae,
1083 2397 1140 2461 etsi
1173 2393 1259 2462 sactu
1289 2391 1493 2476 difficillima,

555 2527 744 2603 provectura
772 2513 889 2603 patn‘ae
910 2512 1042 2584 salutem
1063 2511 1269 2590 videbantur,
1294 2511 1350 2578 sed
1377 2515 1420 2578 ita
1444 2529 1493 2578 ta·

557 2653 631 2696 men
663 2631 698 2696 in
730 2630 824 2696 rebus
855 2629 984 2718 agendis
1021 2633 1226 2718 versabatur,
1267 2648 1304 2699 ut
1337 2630 1418 2698 nihil
1447 2630 1495 2699 vel

557 2746 626 2837 ipse
645 2745 885 2835 aggrederetur,
907 2749 977 2836 vel,
994 2768 1031 2818 ut
1049 2749 1288 2840 aggrederentur
1299 2751 1368 2837 alii,
1380 2749 1494 2820 suade-¹

557 2880 631 2948 ret,
648 2865 709 2932 nisi
726 2865 903 2958 expeditam
927 2871 1009 2937 viam
1031 2873 1201 2940 muuiiaaet
1244 2871 1382 2940 Maxime
1403 2895 1495 2938 aver·

558 2985 684 3051 sabatur
704 2989 914 3080 praepropera
935 2989 1084 3074 consilia,
1106 2989 1213 3072 unde,
1226 2991 1252 3056 si
1272 2988 1497 3074 snemdemnt,

560 3104 631 3196 plus
662 3102 778 3192 gloriae·
793 3131 891 3199 quam
910 3108 1112 3176 emolumenti
1135 3110 1241 3177 Batavi
1262 3131 1496 3199 consequeren—
1547 3169 1550 3176 .

424 3285 427 3288 .
561 3242 625 3292 tur.
669 3229 784 3293 Lente.
799 3227 928 3296 omnino
961 3226 1001 3296 ad
1032 3227 1268 3321 provehendam
1297 3229 1397 3315 gentis
1430 3249 1499 3292 suae

563 3344 692 3414 salutem
714 3361 745 3414 et
766 3345 942 3414 libertatem
966 3348 1138 3416 festinabat.
1182 3350 1313 3438 ltaque,
1329 3371 1431 3438 quum
1442 3347 1498 3412 in-

564 3480 653 3533 sueto
672 3467 871 3534 victoriarum
896 3493 989 3536 cursu
1004 3468 1075 3536 elati
1088 3517 1099 3553 ,
1112 3466 1293 3536 Hollandiae
1316 3463 1501 3534 Zelandiae·

566 3608 629 3678 que
661 3583 798 3654 omines
841 3584 954 3676 (1600)
992 3586 1236 3654 Dunkarkanam
1272 3583 1502 3677 expeditionem

566 3719 758 3789 statuerent,
789 3709 951 3796 mnusque
976 3705 1147 3796 permulti,
1181 3707 1238 3796 qui
1262 3703 1503 3772 inconstantiam

477 3831 486 3848 ‘
567 3845 676 3890 eorum
696 3823 905 3908 mirarentur,
927 3824 1084 3916 quod,ut
1097 3841 1219 3894 antean
1240 3825 1412 3914 majoribus
1428 3821 1509 3888 amia

584 4015 843 4031 n--n--o--n-u—-n-

608 4124 650 4189 (ι)
672 4121 774 4174 Brilnna
793 4123 955 4193 carinas).
975 4124 996 4174 l.

609 4214 652 4282 tat
671 4210 803 4275 Grotius,
822 4213 840 4264 l.
861 4211 943 4264 Vlli.
964 4229 990 4278 p.
1011 4211 1069 4279 567.
