3456 5676
710 909 772 974 219

268 1085 339 1150 trix.
394 1085 521 1174 Ipsique
546 1081 736 1170 reipublicae
759 1083 891 1148 vicissim
913 1081 1047 1148 Ecclesia
1073 1080 1112 1146 ad
1139 1104 1211 1146 eum

268 1227 300 1270 se
327 1205 465 1270 insinuet
494 1201 647 1285 modum,
679 1217 715 1267 ut
741 1218 853 1267 mutuo
885 1201 1051 1284 coalescat,
1090 1219 1121 1268 et
1150 1218 1213 1268 tota

270 1348 333 1388 una
362 1321 488 1390 evadatt
527 1320 659 1389 Scholee
687 1323 763 1387 item
794 1324 857 1386 siut
873 1307 1044 1410 utriusque
1073 1321 1213 1387 alumnae

269 1443 388 1533 pariter
411 1457 443 1506 et
479 1441 612 1506 altrices.
680 1443 833 1526 Magnum
865 1442 981 1506 etenim
1015 1463 1054 1506 ex
1086 1440 1134 1506 his
1171 1458 1240 1536 est!

269 1577 491 1626 ornamentum
515 1575 546 1625 et
567 1559 757 1653 praesidium
776 1561 925 1652 publice,
947 1560 1110 1654 undequi
1129 1585 1215 1628 rum·

270 1680 432 1773 publicam
454 1678 560 1763 domi,
583 1680 679 1763 ioris,
704 1680 799 1764 belli,
823 1683 971 1773 pacisque
992 1699 1134 1775 tempore
1152 1707 1214 1769 gu-

270 1801 406 1864 berneut
417 1837 429 1882 1,
462 1804 519 1890 qui
552 1799 723 1868 Ecclesiam
748 1825 822 1868 cum
843 1801 951 1868 fructu
973 1799 1215 1886 adminisuent,

268 1917 441 2011 prodeunt.
497 1917 675 1985 Plurimum
713 1919 789 1987 hinc
822 1937 853 1986 et
887 1923 1039 1987 momenti
1064 1939 1096 1988 et
1120 1922 1215 2011 adju-

269 2039 370 2102 menti
392 2037 519 2125 singulis
544 2036 583 2102 ad
608 2037 802 2107 felicitatem.
818 2037 1072 2129 tranquillitatem
1092 2059 1124 2108 et
1145 2042 1215 2107 leu-

269 2153 346 2220 dem
367 2157 400 2220 iu
426 2177 620 2246 quocunque
649 2157 729 2223 vitae
762 2179 874 2242 genere
906 2158 1126 2226 constituendo
1153 2159 1213 2225 de-

270 2273 439 2366 gendoque
463 2276 619 2342 afferetur.
663 2277 774 2368 Itaque
798 2277 1004 2358 Franelterae‚
1028 2301 1094 2346 non
1121 2281 1215 2366 igno-

273 2395 329 2460 bili
354 2395 541 2479 Frisiorum,
565 2417 639 2462 sane
667 2396 851 2490 luculento,
874 2421 1077 2491 peramoeno,
1106 2417 1138 2466 et
1165 2425 1214 2466 sa·
1288 2421 1291 2430 ’

271 2514 357 2582 lubri
393 2514 534 2607 oppido,
575 2519 783 2607 Gymnasium
824 2518 983 2585 literarum
1027 2521 1213 2612 publicum,

270 2633 416 2724 publicae
437 2635 580 2718 utilitati,
618 2637 675 2703 toti
700 2638 872 2704 Frisiorum
900 2639 979 2728 pubi
1004 2641 1158 2727 ingenuae
1188 2659 1219 2706 et

270 2752 420 2820 litterariae
452 2753 694 2839 destinavimus,
730 2760 821 2845 cujus
853 2773 958 2828 tamen
985 2783 1077 2825 usum
1108 2763 1219 2826 exteris

271 2877 417 2944 omnibus
442 2877 609 2966 publicum
638 2878 790 2945 volumus.
836 2879 880 2946 Ut
911 2877 974 2946 hoc
1005 2903 1063 2946 ceu
1092 2883 1213 2972 praesi-

274 2994 364 3061 dium
385 2997 419 3060 in
443 2995 615 3064 meditullio
643 2998 763 3064 Patriae
795 2997 955 3081 incolant,
989 3015 1020 3062 et
1053 3015 1217 3066 tueantur:

271 3117 419 3206 ipsaeque
451 3117 559 3181 Musae
591 3143 607 3181 a
642 3118 746 3182 Marte
777 3116 1217 3208 limenorcl1aundiqueab-

270 3235 335 3299 sint
355 3249 387 3298 et
408 3250 490 3300 tutae
512 3251 543 3300 et
563 3233 715 3303 defensae.
760 3237 827 3302 Nec
854 3237 1056 3328 sumptibus,
1081 3239 1137 3328 qui
1169 3238 1217 3305 vel

270 3351 312 3419 ad
340 3355 572 3437 necessitatem,
618 3353 666 3420 vel
700 3352 797 3421 decus
819 3355 986 3446 publicmn
1017 3372 1049 3420 ct
1079 3357 1217 3449 patrium

271 3475 501 3567 pertinebunt,
525 3472 722 3565 parcendum
741 3473 897 3540 duximus.
943 3475 1034 3564 Quin
1055 3491 1092 3542 ut
1112 3492 1215 3542 caete·

271 3606 319 3660 ras
347 3594 537 3686 reipublicae
565 3611 688 3685 partes,
713 3597 754 3660 ita
777 3594 860 3661 hanc
892 3596 953 3660 suis
980 3593 1154 3663 dotavimus
1176 3621 1214 3664 ex

273 3715 405 3808 publico
438 3714 610 3793 reditibus,
648 3732 679 3780 ct
707 3718 781 3804 jure
814 3714 1009 3782 firmabimus
1042 3738 1119 3800 suo,
1152 3738 1218 3808 quo

272 3852 410 3902 sanctam
441 3851 603 3926 tutamque
628 3851 827 3929 praestemus.
871 3839 963 3928 Quae
981 3837 1066 3902 enim
1085 3839 1215 3924 majores

272 3956 371 4022 nostri
399 3958 492 4022 sacris
514 3955 653 4024 dedicata
679 3956 866 4042 voluerunt,
901 3981 939 4023 ex
967 3955 1076 4026 iisdem
1112 3954 1212 4023 studia

273 4073 454 4142 docentium
475 4091 507 4141 et
528 4074 736 4162 discentium,
760 4101 840 4168 quae
866 4075 1066 4169 Reipublicae
1085 4092 1117 4141 et
1142 4077 1209 4141 Ec-

171 4238 172 4243 κ
271 4193 376 4263 clesiae
398 4196 456 4266 rite
482 4198 769 4281 consecrabuntur,
802 4198 913 4264 merito
947 4193 1085 4268 ornanda
1122 4195 1209 4265 arbi-
