3454 5658
998 856 1051 924 76·

552 1027 748 1116 Vardugonis
773 1029 894 1098 consilia
918 1055 949 1096 se
972 1033 1103 1123 recipitz
1127 1030 1269 1123 dumque
1287 1034 1322 1097 in
1341 1051 1494 1098 commu-r

550 1147 665 1216 cienda
687 1149 849 1218 Slochtcra
869 1167 1026 1234 versatur,
1047 1148 1210 1218 abundans
1231 1150 1281 1216 itte
1301 1151 1365 1218 otio
1383 1151 1501 1216 turbat.

551 1289 666 1358 opera,
687 1269 847 1361 eripitque
867 1269 992 1353 iocum,
1024 1269 1104 1336 nihil
1127 1269 1209 1336 ultra
1231 1285 1371 1336 conatus.
1412 1271 1500 1338 Mox.

551 1383 705 1453 deductae
723 1389 757 1452 in
777 1388 911 1454 hiberna
931 1390 1059 1479 copiae,
1089 1387 1144 1454 scd
1167 1391 1254 1476 jussu
1283 1389 1423 1456 Mauritii
1449 1387 1490 1456 ad

551 1504 671 1574 bellum
691 1524 858 1574 revocatae.
901 1511 1036 1594 Rogatus
1054 1533 1185 1599 quoque
1205 1535 1222 1574 a
1245 1507 1384 1600 patruele
1402 1509 1497 1577 Gar--

445 1669 453 1676 -
551 1623 689 1708 lichnus,
711 1641 747 1692 ut
768 1651 864 1694 novae
884 1625 1088 1718 expeditionis
1109 1628 1208 1694 socius
1230 1643 1326 1713 essct,
1355 1625 1498 1696 arduo-1
1599 1657 1604 1668 ·

553 1739 657 1808 decim
675 1751 783 1812 secum
803 1729 933 1814 duceret
953 1744 994 1811 de
1015 1762 1107 1833 gente
1128 1770 1183 1812 sua
1205 1745 1354 1813 cohortcs.
1398 1747 1496 1813 Con-r

549 1862 662 1948 juncta
702 1865 844 1950 agmina,
885 1866 999 1956 paratis
1034 1865 1228 1948 necessariis,
1266 1865 1494 1950 Noviomgum

554 1998 739 2050 moverunt:
763 1982 910 2048 haerebat
931 1985 965 2050 in
986 1984 1151 2080 brabantia
1173 1984 1367 2066 Parmensis,
1389 2005 1499 2074 neque

553 2099 659 2166 subito
678 2101 713 2165 in
735 2101 872 2170 Galatam
893 2100 995 2168 redux
1017 2099 1212 2170 credebatur
1255 2102 1363 2192 Quare
1383 2101 1502 2168 militas

555 2233 657 2282 metus
684 2237 849 2312 expertes,
879 2237 943 2290 tam
971 2220 1127 2313 praeclare
1160 2245 1229 2287 rem
1255 2235 1430 2308 gesserunt,
1459 2235 1496 2288 nt

555 2335 637 2402 intra
674 2335 798 2406 dierum
834 2338 1031 2408 bebdomada
1061 2339 1252 2432 praesidium
1280 2339 1499 2408 obsidentibus

555 2478 587 2530 sc
611 2453 725 2524 dedere
747 2475 918 2546 cogeretur.
969 2459 1120 2528 Cumuius
1142 2459 1196 2526 hic
1226 2485 1300 2529 cum
1329 2460 1498 2551 praesentis

557 2577 632 2640 anni
652 2576 743 2651 fatis.
766 2595 835 2645 tum
856 2581 1071 2646 Nassaviorum
1090 2578 1200 2666 gloriae
1222 2576 1273 2644 dic
1297 2581 1337 2646 21
1349 2578 1498 2646 Octobris

557 2696 692 2762 accessit.
738 2698 850 2783 Ingens
875 2696 951 2764 inde
979 2696 1127 2784 gaudium
1147 2697 1322 2790 respublica
1345 2695 1499 2790 foederata

560 2813 666 2904 cepit,
694 2829 792 2904 utque
820 2817 888 2884 Deo
913 2841 988 2882 suus
1016 2833 1225 2910 praestaretur
1253 2818 1375 2902 honos,
1408 2820 1500 2905 cujus

559 2933 711 3024 auspiciis.
726 2950 789 3003 mm
809 2936 938 3021 insignis
960 2935 1085 3004 fortuna
1107 2953 1195 3030 parta
1215 2937 1298 3004 bello
1315 2953 1412 3021 esset,
1429 2962 1498 3030 pn-

558 3053 658 3122 blicae
688 3053 929 3148 supplicationes
960 3079 1019 3149 par
1049 3081 1156 3124 omnes
1185 3059 1360 3150 provincias
1382 3055 1499 3124 decre-

558 3192 615 3242 tae.
640 3174 681 3242 (¹)
1372 3187 1374 3192 '

603 3297 726 3362 Exactis
746 3296 886 3362 hibernis
910 3296 1046 3364 maritum
1076 3295 1244 3389 disceptari
1273 3298 1309 3362 in
1339 3293 1503 3363 Ordinum

561 3437 703 3486 consessu
728 3417 832 3507 coepit
857 3414 897 3482 de
921 3416 996 3482 belli
1018 3414 1229 3508 persequendi
1249 3416 1378 3482 ratione.
1422 3412 1503 3482 Aliis

559 3533 615 3598 alia
631 3532 833 3601 suadentibus
852 3537 1061 3619 statuebam,
1083 3533 1124 3600 ad
1144 3535 1256 3602 Frisiae
1277 3534 1358 3600 fines
1373 3557 1500 3608 omnem

560 3651 634 3718 belli
660 3655 725 3720 vim
751 3650 925 3736 admoveri,
955 3650 1188 3720 demonstrante
1208 3651 1396 3734 Gustatus,
1419 3651 1501 3716 intra

438 3780 442 3790 '
562 3774 709 3863 quinque!
731 3772 779 3840 vel
801 3797 853 3838 sex
874 3771 999 3840 dicrum
1023 3769 1235 3846 hebdomades
1257 3771 1416 3840 Stenovici
1436 3769 1499 3836 ob-

558 3947 829 3968 Ἤ

598 4057 638 4125 (ι)
660 4057 799 4123 Emodus,
818 4078 847 4127 p.
864 4060 906 4129 75.
942 4061 1038 4130 noya,
1058 4063 1077 4113 Ι.
1095 4061 1115 4111 Ι.
1134 4079 1160 4128 ρ.
1179 4079 1236 4134 ¹7⁰·
1250 4079 1327 4130 seqq.
1365 4059 1435 4126 bor,
1450 4057 1469 4112 l.
1481 4059 1503 4111 Ι.

561 4165 590 4215 p,
608 4149 649 4200 δι.
669 4166 748 4218 seqq.
786 4149 957 4219 Wugenaar,
977 4152 996 4206 Ι.
1015 4152 1036 4206 i.
1053 4169 1081 4220 p.
1099 4151 1159 4222 557.
