3408 5664
683 913 741 978 139

241 1086 289 1150 vio
321 1109 393 1152 eum
423 1087 526 1153 amicis
548 1102 579 1148 et
601 1084 736 1151 militurn
767 1079 929 1177 praefebtis
955 1089 1095 1153 animum
1118 1111 1177 1154 ex-

239 1202 412 1287 hilarasset,
435 1203 590 1294 horasque
614 1203 793 1288 fefellisset,
816 1208 962 1272 insnum
982 1231 1014 1272 se
1036 1206 1182 1273 conclave

237 1322 413 1407 conferret,
447 1320 620 1391 scribendis
647 1323 755 1390 litteris
772 1341 961 1392 ‚vacaturus
1016 1325 1183 1393 Scribebat

237 1440 317 1508 forte
345 1440 385 1506 ad
414 1441 610 1534 patruelem,
633 1444 868 1534 quaerebatque
889 1468 927 1510 ex
952 1467 1011 1528 oo,
1042 1445 1067 1508 si
1100 1441 1180 1534 quid

238 1559 370 1626 humani
389 1562 417 1626 ei
437 1585 476 1627 ex
498 1562 661 1654 inopinato
683 1561 859 1648 accideret,
882 1561 964 1653 quid
984 1562 1071 1630 factu
1089 1565 1179 1653 opti-

239 1703 330 1748 mum
364 1686 460 1771 atque
492 1707 510 1748 e
545 1681 708 1774 republica
744 1681 834 1751 foret.
889 1684 928 1749 In
959 1681 1182 1776 perscribenda

240 1799 367 1891 epistole
401 1817 612 1894 occupatum,
656 1820 818 1894 praesente
854 1804 957 1870 scriba
990 1829 1007 1868 a
1036 1804 1183 1886 seeretis,

239 1921 366 2003 animo,
389 1937 426 1986 ut
448 1919 596 2006 videtur,
621 1939 778 1990 commoto
806 1937 837 1994 et
865 1919 906 1988 de
930 1921 1046 1988 futuris
1070 1921 1183 2004 anxio,

239 2041 394 2131 corripuit
429 2065 504 2118 euru
536 2042 703 2132 repentine
746 2045 950 2122 ἀποπληξίαι,
996 2064 1077 2131 quae
1112 2057 1186 2132 post

239 2155 359 2250 aliquot
382 2159 474 2226 boras
503 2161 538 2227 in
570 2164 762 2243 tantatus
792 2182 961 2244 moverta,
992 2158 1089 2225 libera
1111 2160 1184 2251 pri-

243 2279 334 2345 vabat
358 2277 514 2370 loquendi
545 2277 688 2348 facultate
711 2280 765 2350 l¹l‚.
817 2281 980 2348 Continuo
1006 2281 1042 2348 in
1067 2279 1187 2346 lentum

241 2415 435 2490 asportatus,
476 2424 625 2488 magnam
644 2400 694 2474 sui
720 2397 964 2470 sollicitudinem
993 2397 1188 2466 adstantibus

240 2519 372 2606 injecit3
419 2519 498 2587 vitae
533 2535 639 2587 tamen
669 2541 727 2611 spo
747 2543 813 2592 non
842 2517 1050 2603 exciderunt,
1080 2519 1183 2610 siqui-

241 2635 317 2703 rlem
349 2639 463 2732 paucis
496 2655 569 2730 post
591 2636 722 2715 diebus,
747 2653 934 2732 reeuperato
956 2635 1078 2735 liuguae
1109 2659 1187 2722 usu,

240 2753 340 2838 latus,
365 2755 454 2848 quod
479 2759 705 2849 obtorpuerat,
736 2756 852 2825 mobile
871 2781 977 2823 rursus
1001 2753 1093 2822 fieret
1129 2752 1183 2822 (2).

275 2981 317 3049 (ι)
338 2983 420 3032 Nous
438 2999 553 3034 eorunm
571 3001 605 3032 en
626 2983 732 3051 danger
754 2983 794 3034 ici
804 2982 836 3032 de
847 2982 993 3054 fuireune
1002 2981 1188 3051 grondeper-

238 3077 266 3120 te
282 3087 340 3140 par
359 3069 391 3121 la
407 3078 479 3121 mort
499 3071 537 3122 du
562 3073 656 3122 Gomte
682 3070 865 3132 Guillaume,
885 3072 934 3141 qui
946 3079 1058 3122 eutune
1068 3077 1189 3140 altaque

240 3156 453 3227 d'Apoplexie,
487 3161 601 3210 Samedi
622 3175 660 3210 au
681 3160 760 3222 soit,
779 3168 808 3210 et
831 3161 910 3210 avait
927 3159 1016 3228 perde
1028 3157 1059 3209 lu
1065 3157 1188 3226 parole,

242 3245 317 3318 qu'il
343 3245 457 3298 n’avait
474 3265 530 3315 pas
550 3266 648 3299 encore
670 3251 819 3300 reeouvree
845 3247 927 3298 tundi
953 3248 1062 3308 motin,
1092 3248 1190 3316 quand

241 3337 284 3390 les
304 3333 446 3388 dernieree
470 3335 614 3386 nouvelles
633 3337 746 3388 virerent
767 3336 800 3387 de
820 3337 965 3388 bernarde·
1000 3337 1128 3405 horaque
1147 3334 1190 3388 leo

242 3425 330 3476 Etuts
351 3424 383 3475 de
404 3424 483 3475 Frise
500 3424 612 3476 virerent
632 3423 659 3475 le
678 3425 777 3477 visitor
790 3460 800 3488 ,Ἰ
818 3425 842 3479 il
861 3444 896 3478 ne
908 3433 963 3494 put
980 3425 1119 3493 repondre
1130 3441 1187 3475 au·

242 3521 284 3565 tre
305 3512 385 3564 chose
413 3532 466 3583 que
486 3515 548 3566 oui
571 3523 600 3565 et
626 3532 704 3566 non.
745 3515 780 3566 Je
800 3532 870 3566 vous
890 3513 987 3565 envoie
1008 3513 1040 3564 la
1056 3512 1187 3572 dernie're

242 3603 349 3666 lettre,
369 3621 421 3673 que
431 3601 494 3668 j’ai
517 3621 599 3667 refrte
614 3604 647 3656 de
663 3603 726 3667 lui,
745 3618 848 3654 comme
866 3601 949 3674 digne
971 3600 1061 3654 d'ttre
1078 3599 1189 3671 luepor-

242 3709 276 3743 sa
291 3692 412 3758 Majeste'
430 3690 559 3762 (Jacques
582 3691 630 3762 1),
661 3691 782 3744 ocante
800 3693 837 3743 du
857 3691 916 3743 ze'le
937 3689 1015 3762 qu'il
1032 3709 1056 3758 y
1078 3699 1187 3750 mentre

237 3798 313 3850 pour
340 3781 371 3834 la
400 3783 592 3835 conservativa
611 3784 649 3834 du
670 3783 834 3834 Palatinet.
859 3782 913 3840 ‚Je
940 3781 1092 3843 eoulaite,
1112 3776 1189 3850 qu'il

244 3887 278 3920 ne
297 3887 327 3920 se
348 3878 445 3922 trouve
463 3887 535 3939 pas,
554 3887 607 3941 que
626 3889 655 3922 ce
677 3872 734 3922 soit
750 3889 888 3942 cygnea
915 3871 1049 3922 cantio.
1086 3868 1184 3922 Lettre

242 3957 276 4008 de
295 3958 425 4011 Carleton
443 3960 458 4010 b
478 3959 606 4012 Nauntou
623 3959 661 4012 du
679 3977 712 4031 ¹9
728 3960 794 4030 May
813 3962 890 4016 1620.
911 3957 1184 4030 (Lettrenlllemoi-

243 4066 287 4100 res
304 4057 332 4100 et
349 4050 544 4118 Negociations
561 4051 597 4103 du
615 4050 700 4105 Cher·
719 4051 870 4116 Carletou,
892 4060 912 4106 t.
931 4052 989 4104 111.
1007 4069 1035 4117 p.
1053 4052 1128 4121 509.)
1262 4029 1269 4050 ‘

281 4140 321 4207 (ι)
341 4143 380 4190 Le
395 4141 487 4190 Comte
509 4139 677 4211 Guillonme¹
690 4159 708 4192 a
723 4146 855 4196 recouvre
872 4141 903 4193 la
919 4141 1037 4211 parole,
1055 4149 1083 4192 et
1101 4139 1183 4208 quel·

245 4246 297 4298 que
317 4229 469 4282 sentiment
485 4231 521 4281 du
541 4231 599 4282 clte'
621 4231 669 4299 qui
691 4231 764 4284 e‘tait
777 4229 1013 4300 principalement
1037 4231 1180 4298 altaque,
