3454 5658
890 853 964 899 .x11

474 1011 632 1078 historiam
662 1012 802 1096 gentium
835 1025 975 1100 repetere
998 1007 1075 1074 solet
1107 1025 1137 1072 et
1168 1007 1262 1074 veluti
1283 1032 1322 1072 ex
1348 1009 1408 1072 tri-

473 1131 557 1225 pode
580 1131 734 1196 derebus
759 1131 904 1198 omnibus
927 1130 1139 1221 pronunciat3
1164 1126 1219 1194 scd
1240 1129 1410 1216 autiquae,

472 1250 528 1317 scd
549 1251 722 1318 Socraticae
743 1276 780 1316 ac
808 1248 1005 1331 Platonicae,
1030 1272 1110 1336 quae
1132 1250 1292 1315 veritatem
1315 1271 1410 1338 spec-

473 1390 540 1438 tans
562 1374 677 1453 unice,
701 1394 810 1436 verum
832 1393 887 1436 nos
908 1366 1055 1454 indagare
1077 1368 1197 1458 optime
1227 1369 1274 1434 via
1302 1383 1334 1434 et
1356 1391 1410 1432 ra-

473 1493 557 1557 tione
581 1487 683 1558 docet.
728 1490 862 1556 Criticae
878 1487 928 1554 illa
946 1511 1059 1579 parcns
1080 1503 1147 1570 cst,
1171 1512 1234 1576 qua
1253 1486 1409 1573 neglecta,

474 1633 568 1676 nemo
585 1635 616 1676 se
637 1626 729 1702 putet
750 1608 827 1676 ullos
850 1609 885 1674 in
906 1607 1031 1674 historia
1057 1631 1235 1700 progressus
1255 1607 1414 1674 facturum

472 1753 557 1796 essee
588 1726 761 1818 eademque
790 1727 831 1793 ad
855 1751 955 1794 mores
980 1727 1146 1793 hominum
1180 1726 1412 1814 cognoscendos

474 1850 622 1926 interius,
657 1847 699 1913 ad
730 1849 870 1915 virorum
890 1849 924 1912 in
947 1848 1077 1937 primis,
1108 1850 1165 1936 qui
1195 1847 1344 1913 maximas
1379 1849 1413 1912 in

473 1969 600 2034 historia
631 1985 734 2059 partes
765 1967 964 2049 hahuerunt,
1002 1964 1126 2033 consilia
1156 1964 1300 2055 factaque
1331 1981 1415 2032 recte

469 2085 645 2175 judicanda
674 2087 753 2152 valet
778 2087 969 2179 plmimumz
994 2084 1083 2177 quod
1105 2111 1163 2152 suo
1188 2086 1277 2154 nobis
1304 2109 1414 2152 exem·

475 2208 530 2299 plo
560 2223 592 2272 et
620 2207 805 2296 Xenophon
835 2223 868 2270 et
895 2207 1038 2272 omnium
1067 2207 1201 2270 maxime
1229 2203 1416 2270 Plutarchus

474 2325 650 2392 declaravit.
707 2327 810 2411 Hujus
838 2324 934 2410 igitur
959 2323 1175 2416 philosophiae
1198 2349 1272 2390 cum
1293 2326 1414 2388 instau-

475 2461 579 2510 ratum
598 2441 685 2536 apud
706 2468 762 2512 nos
784 2442 927 2510 studium
959 2445 1012 2516 sit,
1039 2460 1074 2508 ut
1088 2446 1219 2530 juvenes
1243 2468 1280 2510 eo
1304 2460 1417 2536 sponte

474 2589 543 2638 sun,
577 2581 610 2628 et
644 2564 756 2655 optimi
787 2565 908 2654 quique
940 2564 1096 2644 maxime,
1130 2561 1310 2646 ducantur,
1345 2563 1415 2628 lieri

477 2699 687 2775 conpotem,
717 2683 797 2773 quin
825 2682 865 2748 ad
895 2700 975 2748 artes
1009 2708 1116 2750 omnes
1145 2687 1277 2772 majores
1303 2709 1416 2774 resque

477 2801 594 2892 patriae
640 2817 763 2866 nostrae
806 2819 891 2868 recte
935 2803 1110 2870 tractandas
1154 2802 1418 2895 explicandasqne

476 2920 718 2988 fructuosissima
740 2922 788 2987 sit.
839 2921 956 3011 Quid?
980 2921 1068 3010 quod
1094 2921 1253 3015 hodieque
1287 2923 1415 2990 histori-

476 3066 511 3108 ca
534 3037 724 3106 documenta
745 3037 889 3132 undique
917 3057 1154 3128 congeruntur,
1177 3067 1236 3110 nec
1264 3044 1417 3109 sumtibus

479 3183 538 3226 uec
560 3157 659 3226 labori
683 3161 844 3250 parcitur,
876 3178 912 3226 ut
933 3185 971 3226 ex
990 3163 1065 3253 ipsis
1086 3161 1254 3253 aliquando
1277 3163 1417 3230 fontibus

478 3282 579 3348 omnis
616 3298 720 3347 nostra
757 3281 883 3348 historia
916 3298 948 3347 et
983 3280 1119 3348 ducatur
1152 3299 1183 3348 et
1217 3282 1415 3374 explicem?

480 3401 582 3465 Testis
622 3417 802 3490 temporum
833 3401 961 3468 historia
991 3419 1035 3467 est
1073 3430 1109 3468 ac
1143 3404 1220 3469 vitae
1251 3404 1414 3488 magistra:

480 3518 593 3610 quodsi
625 3521 669 3586 sic
699 3520 852 3586 excolitur
882 3538 1058 3612 perpetuo,
1080 3523 1139 3586 erit
1166 3524 1242 3588 item
1270 3538 1418 3612 recteque

479 3641 640 3706 vocabitm·
657 3642 716 3704 lux
740 3644 901 3706 veritatis.
937 3638 1001 3708 Sed
1020 3643 1259 3708 incitamentum
1277 3640 1318 3706 ad
1334 3641 1417 3707 hauc

479 3783 547 3824 rem
587 3775 671 3824 recte
712 3759 931 3851 capessendam
970 3760 1203 3851 gerendamque
1239 3761 1416 3826 efficacissi-

480 3904 590 3957 mum,
623 3877 776 3968 quodque
804 3880 880 3947 huie
911 3883 1041 3948 niaxime
1073 3884 1163 3947 aetati
1195 3897 1314 3946 nostrae
1336 3906 1415 3972 pro·

481 4000 588 4092 prium
609 4016 676 4081 est,
700 3997 846 4066 nondum
875 4004 1120 4070 commemoravi.
1165 4003 1257 4090 ipsa,
1280 4006 1322 4065 nii
1350 4000 1417 4074 sni,

483 4123 579 4211 patria
615 4137 719 4187 nostra
754 4123 859 4212 paucis
893 4121 941 4186 his
975 4123 1064 4188 aunis
1097 4121 1206 4188 revixit
1237 4119 1338 4210 plane.
1384 4119 1417 4186 Si
