3454 5658
687 883 727 952 37

236 1051 393 1120 ambulare
416 1054 555 1146 quotidie
577 1059 637 1123 sub
657 1058 819 1126 moenibus
844 1057 972 1126 civitauis
992 1053 1087 1123 solere
1108 1078 1169 1121 no-

237 1186 364 1254 verant,
383 1189 562 1265 susceptum
581 1174 638 1257 iri,
657 1174 778 1242 ostensi
794 1197 923 1264 quoquc
933 1173 1066 1261 ingentis
1074 1195 1168 1264 ptus-

235 1282 294 1353 dae
321 1290 360 1354 ab
387 1313 424 1356 eo
452 1289 610 1358 faciendae
638 1291 867 1360 distributione.
911 1296 997 1360 Dum
1027 1293 1062 1358 in
1092 1293 1172 1358 viam
1228 1293 1230 1299 ⁸

235 1405 278 1471 illi
300 1431 332 1472 sc
357 1407 496 1495 dabant,
516 1410 701 1479 Guilielmus
721 1436 851 1502 quoque
872 1437 947 1480 oum
966 1409 1051 1480 mille
1069 1411 1170 1501 quin-

233 1529 336 1612 gentis
345 1529 494 1596 militibus
506 1529 694 1598 Drenthiam
710 1533 860 1624 petebat,
889 1547 925 1598 ut
945 1528 1040 1615 inde,
1060 1531 1085 1595 si
1104 1527 1174 1594 fieri

236 1645 400 1714 commode
422 1665 543 1740 posset,
568 1651 661 1738 juxta
688 1649 884 1734 Norichum,
913 1647 1054 1716 ultimam
1084 1648 1172 1715 Gro-

118 1813 119 1818 1
234 1765 361 1852 ningani
380 1764 528 1858 praesidii
548 1769 730 1854 stationem,
752 1770 866 1836 urbem
886 1765 1056 1835 invaderet.
1095 1765 1170 1832 Ob-

220 1884 307 1950 ·ortis
326 1887 462 1954 tenebris
480 1887 618 1956 militum
636 1911 766 1954 manum
788 1888 823 1952 iu
843 1885 961 1954 insidiis
983 1907 1084 1978 prope
1102 1899 1168 1950 sta·

232 2004 349 2072 tionem
376 2005 520 2073 hostilem
548 2005 697 2092 collocat,
723 2021 870 2097 vetatque
896 2004 984 2096 prius
1004 2000 1079 2068 inde
1100 1999 1168 2068 dis·

233 2122 365 2207 cedere,
392 2151 489 2216 quam
518 2123 672 2217 postridie
698 2125 852 2190 matutina
880 2123 958 2191 hora
986 2145 1092 2206 nona,
1124 2118 1172 2188 vel

233 2242 352 2312 decima
377 2261 484 2312 exacta
504 2246 565 2331 sit3
598 2261 667 2316 tum
691 2244 754 2311 cito
776 2256 966 2335 erumpant,
997 2255 1028 2306 et
1048 2238 1173 2326 abigant

231 2365 347 2447 hoves,
369 2381 406 2430 ut
431 2364 650 2450 Grouingani,
681 2378 811 2452 accepto
843 2385 917 2428 etun
944 2358 1072 2451 rapinae
1103 2372 1172 2425 tum

231 2480 348 2548 hostilis
377 2479 530 2551 adventus
561 2483 696 2566 nuncio,
726 2477 813 2568 (nam
843 2477 972 2548 meridie
994 2479 1060 2571 ipse
1084 2478 1169 2548 Gui-

230 2597 349 2666 liehnus
370 2625 444 2669 cum
467 2601 596 2691 reliquis
616 2601 798 2670 cohortibus
819 2599 974 2666 affuturus
994 2595 1035 2666 ad
1057 2599 1171 2668 urbem

230 2720 308 2809 erat)
337 2718 382 2786 nil
413 2719 499 2787 aliud
526 2743 590 2788 esse
619 2736 755 2811 putent,
787 2720 847 2786 nisi
875 2716 1015 2786 eiusdem
1042 2717 1169 2810 rapinae

228 2838 351 2904 iteratas
385 2838 536 2928 querelas.
589 2838 634 2907 At
658 2839 741 2906 sorte
771 2839 926 2925 rusticus,
954 2836 1035 2940 dum
1062 2861 1171 2926 aguam

172 2954 174 2960 ’
219 2955 363 3041 transit,
389 2955 514 3024 insidias
541 2960 731 3051 suspicatus,
755 2984 826 3026 rem
846 2959 977 3027 nunciat
997 2959 1167 3031 Nienorta·

229 3076 297 3158 nis,
322 3076 379 3168 qui
399 3079 618 3144 centurionem
639 3079 791 3145 continuo
818 3078 950 3144 mittunt
979 3075 1020 3144 ad
1051 3076 1166 3170 proili-

228 3191 361 3280 gandam
380 3195 597 3265 insidiatorum
614 3221 763 3266 manum:
787 3197 812 3262 is
841 3221 914 3264 vero
944 3197 1059 3264 inscius
1090 3195 1166 3262 roli-

229 3313 299 3402 quis
327 3313 509 3382 cohortibus
539 3317 649 3383 obvius
681 3316 803 3398 sactus,
842 3315 877 3380 in
914 3311 1104 3407 praesidium
1135 3337 1167 3381 se

227 3433 437 3528 Norichense,
455 3451 492 3500 ut
509 3458 689 3526 seruosque
707 3436 748 3502 ab
759 3432 920 3503 occidione
937 3433 1064 3517 liberet,
1084 3457 1164 3500 con-

222 3551 305 3639 jicit.
348 3555 398 3620 lbi
419 3557 524 3622 statim
543 3554 747 3638 Guilielmus‚
772 3577 813 3620 ne
834 3552 960 3620 ulterius
980 3549 1165 3620 insidiarum

226 3695 335 3739 rumor
358 3676 645 3765 percrebresceret,
678 3675 842 3742 stationem
862 3655 1050 3740 circumdari
1069 3669 1165 3740 milite

222 3791 326 3879 jubet.
369 3794 474 3860 Rebus
497 3796 541 3860 ita
559 3795 640 3860 benc
660 3795 792 3877 ematis,
814 3792 933 3860 factum
950 3807 996 3860 est
1014 3788 1161 3858 decurio-

219 3911 275 3976 nis
303 3910 455 3997 stultitia,
487 3914 544 4003 qui
572 3915 676 4001 jussus
706 3939 724 3980 a
755 3912 975 3981 Gubernatore
1008 3907 1164 3978 abducere

225 4031 343 4122 aliquot
362 4032 473 4098 milites
493 4033 557 4098 sub
574 4031 653 4099 vallo
675 4048 912 4123 procursantes,
943 4043 1082 4098 omnem'
1098 4029 1160 4096 ob·

223 4148 393 4218 ridentium
416 4152 480 4217 vim
499 4150 567 4218 loco
585 4149 769 4231 abstulerat,
791 4165 827 4215 ut
844 4149 967 4214 irritum
978 4144 1162 4214 redderetur
