3408 5664
676 858 736 926 103

240 1029 385 1119 quaginta
396 1031 434 1096 eb
448 1031 524 1096 urbe
536 1053 664 1122 pessus,.
679 1031 767 1098 initio
786 1058 801 1096 s
822 1029 1055 1098 vallatis.castris
1068 1029 1172 1110 lacto„

238 1145 392 1240 perducti.
438 1146 639 1232 Guilielrrrus,
675 1164 709 1214 ut
734 1147 869 1232 solebat,
899 1164 1075 1216 constanter
1104 1149 1164 1214 suis

237 1263 342 1334 ederet
365 1263 555 1334 fodientibus
572 1265 827 1354 juxtaluustum
853 1265 961 1334 hostile
983 1268 1166 1334 munimen·

236 1397 325 1470 tum,
356 1383 444 1474 quod
465 1409 538 1454 mox
558 1386 745 1478 supervesit‚
769 1386 902 1479 spretis,.
921 1410 1001 1478 quae
1026 1388 1165 1456 circum-.

234 1501 397 1589 volabant,
418 1529 434 1570 s
456 1505 738 1596 propugnatoribus
759 1505 873 1572 emissis
894 1503 1051 1598 plumbeis
1072 1504 1162 1592 glan-

234 1616 337 1686 dibus.
381 1620 446 1706 Hac
468 1623 533 1708 ejus
553 1619 678 1690 audncis
688 1672 705 1707 ,.
719 1647 756 1690 ec
766 1671 779 1706 ,1
797 1645 900 1716 prope
919 1621 1042 1708 dicem,
1064 1640 1172 1690 teme-v

234 1739 324 1810 ritate
356 1741 527 1832 perterritis
563 1742 813 1812 Rhenobsrcsnis
848 1741 940 1811 alters
964 1744 1083 1832 gravior
1105 1741 1165 1810 de·-

125 1853 129 1864 ’
235 1859 392 1928 nuncistio
404 1858 463 1943 lit,
485 1874 620 1927 extreme
638 1861 750 1928 instare
761 1885 889 1952 „neque
902 1861 995 1928 ullam
1005 1910 1023 1947 ‚.
1034 1863 1164 1938 siresis·

236 1993 328 2065 tant,
347 1977 480 2072 amplius
499 1980 619 2048 veniam
637 1979 712 2047 lore.
741 1982 944 2071 Desperentes
962 1979 1172 2073 illi‘promissc.

235 2095 408 2182 Hermpnni
426 2099 585 2184 Bergensis
606 2097 734 2180 auxilia,
758 2099 815 2188 qui
838 2121 911 2166 cum
932 2099 979 2164 bis
1001 2097 1084 2178 mille
1103 2121 1170 2187 pem

235 2213 353 2285 ditibus
381 2231 413 2284 et
441 2214 674 2308 quadringentis
702 2217 861 2308 equitibus
892 2218 1053 2286 stationem
1085 2217 1163 2285 Gel-

232 2331 309 2402 drae
339 2332 496 2420 babebat,
527 2331 648 2404 decimo
677 2335 716 2404 eb
748 2333 917 2428 obsidionis
944 2335 1036 2404 initio
1053 2331 1105 2402 die
1126 2332 1165 2401 ad

232 2449 423 2522 deditionem
466 2454 663 2520 transierunt.
727 2451 806 2522 Inde
849 2451 975 2542 digressi
1017 2450 1165 2520 foederati

233 2573 373 2642 Mursam
400 2573 437 2640 in
462 2571 686 2664 Agrippinensi
707 2595 780 2660 egro
801 2571 883 2640 intra
904 2587 1023 2664 septem
1044 2568 1166 2640 dierum

233 2692 368 2786 spatium
388 2703 605 2782 expugnatum
620 2706 720 2775 eunt,
752 2692 945 2782 trajectoque
971 2688 1084 2760 Rheno
1112 2690 1164 2754 in-

234 2826 340 2884 eunte>
359 2810 537 2902 Septembri
571 2808 710 2878 Grollaur
741 2807 955 2878 contendente
990 2833 1053 2899 que
1076 2823 1165 2899 capta

233 2927 310 2996 alise:
326 2926 473 3020 deinceps
494 2929 605 3014 rubes,
626 2929 711 2995 Gora
720 2976 734 3012 ‚.
752 2925 955 3010 Erulorum,
977 2923 1164 3008 Ensclreda,

233 3046 464 3134 Othmarsum',
494 3044 691 3130 Oldensslia,
726 3047 824 3132 Linge
865 3047 974 3115 victori
1017 3045 1170 3112 exercitui

234 3164 363 3250 cedunt
402 3163 590 3238 Incredibile
611 3189 649 3232 ex
671 3180 758 3232 tanto
777 3165 976 3232 victoriarum
999 3186 1091 3230 cursu
1108 3185 1165 3252 per·

234 3287 419 3360 Batavorum
440 3284 577 3370 regiones
598 3280 826 3370 gaudiumsuit.
857 3280 961 3353 Rediit
973 3304 1077 3348 mense
1090 3281 1160 3346 No-

234 3405 354 3471 vembri
376 3401 560 3472 Guiliclnrus
582 3402 803 3489 Groningpm‚.
818 3399 961 3466 omniurn
982 3397 1168 3485 gratulatio-v

234 3524 326 3607 nibus
359 3538 390 3588 et
422 3520 691 3590 acclamationibus
723 3534 872 3610 exceptus
897 3542 932 3585 ac
968 3497 1168 3608 triumphurn

233 3666 339 3729 agens..
378 3639 457 3708 Inde
479 3638 530 3708 dic
553 3643 595 3708 22
626 3639 804 3708 Decembris
838 3635 996 3729 proiectus
1027 3638 1163 3702 Leovar-

236 3759 339 3846 diam,
386 3785 450 3851 quo
492 3773 685 3851 praesentem
727 3781 802 3824 curn
830 3754 1008 3849 provinciae
1028 3755 1162 3840 ¹negotis

235 3881 406 3963 vocabant,
437 3880 485 3945 ibi
504 3901 632 3970 quoque
660 3875 825 3944 exsultanti
854 3874 970 3942 civium
998 3870 1169 3957 Delegatow

235 4022 370 4090 rumque
389 3997 499 4064 laetitia
521 4013 551 4063 et
570 3995 734 4084 magnifice
753 4019 869 4088 pompa
888 4007 1045 4082 exceptus.
1069 3991 1108 4058 l¹l

274 4233 313 4303 (r)
334 4193 468 4297 Blossius,
491 4248 519 4298 p.
538 4246 597 4299 rep.
615 4245 692 4297 seqq·
728 4224 823 4294 noys,
845 4223 864 4278 l·
883 4220 961 4276 ΧΠ·
974 4237 1001 4288 p.
1013 4215 1070 4272 5¹⁰1
1089 4233 1166 4284 supp
