3408 5664
705 1055 741 1120 bl

257 1227 450 1310 vehebatur,
474 1228 674 1292 torrrrentariia
697 1227 762 1320 pile
787 1229 906 1294 occisus
930 1229 979 1292 sit.
1005 1227 1046 1294 (¹)
1092 1223 1201 1291 Vetuit

254 1369 324 1412 suos
342 1346 514 1434 fugientem
535 1346 655 1412 bostem
678 1347 848 1438 persequi,
873 1361 905 1412 et
929 1369 1002 1411 mox
1024 1367 1098 1411 cum
1115 1342 1198 1410 salvo

255 1468 392 1532 exercitu
416 1467 449 1531 in
478 1467 605 1534 Frisium
635 1464 739 1532 rediit.
793 1464 943 1532 Attamen
975 1465 1031 1529 ubi
1055 1462 1196 1546 rescivit,

255 1585 404 1676 recepisse
435 1605 466 1650 se
501 1587 696 1672 Groningam
729 1608 803 1652 cum
829 1585 924 1676 copiis
950 1579 1196 1682 Verdugonem,

211 1723 213 1730 ‘
255 1707 429 1772 conscensis
461 1707 591 1772 navibus
624 1729 695 1771 curn
715 1703 794 1772 lecta
812 1728 909 1770 manu
927 1697 1195 1788 Bellingwoldiuru

251 1825 333 1918 petit
344 1853 352 1892 ι
377 1821 464 1890 uude
490 1823 642 1912 digressus
664 1847 703 1890 ex
715 1821 882 1892 Weddana
895 1846 964 1888 arce
976 1821 1085 1908 Regios
1096 1819 1196 1912 pellit.

252 1945 340 2010 'I'um
362 1968 399 2010 ex
418 1942 581 2011 Ordinum
602 1941 758 2010 voluntate
777 1939 1017 2010 Adoardianum
1037 1937 1197 2009 castellum

252 2061 366 2130 adoriri
392 2065 515 2155 coepit3
549 2060 603 2128 sed
636 2086 735 2150 quum
770 2063 888 2146 ingrata
922 2058 997 2125 coeli
1032 2056 1195 2148 temperies

252 2178 369 2274 (exibat
387 2205 431 2246 m.
451 2182 612 2270 Octobris)
634 2181 726 2244 nimis
739 2175 892 2246 ducendis
905 2174 1055 2244 cuniculis
1067 2175 1196 2268 aliisque

250 2302 398 2392 operibus
422 2298 655 2383 adversaretur,
684 2297 942 2391 praediceretque
973 2295 1196 2379 Gubernator,

250 2417 355 2510 plmes
377 2421 411 2486 in
434 2443 471 2486 eo
486 2416 697 2511 expugnando
708 2419 826 2485 morbis
844 2415 974 2508 aliisque
986 2411 1195 2482 incommodis

249 2537 403 2634 perituros
422 2538 555 2622 milites,
579 2563 673 2630 quam
697 2562 755 2630 per
775 2553 873 2602 totam
894 2552 1037 2602 aestatem
1060 2533 1193 2602 cecidis-

249 2674 334 2742 sent,
348 2683 384 2725 eo
395 2660 512 2724 animos
526 2654 674 2743 deduxit,
692 2675 727 2724 ut
737 2657 847 2724 omissa
862 2654 1023 2723 obsidione
1034 2655 1069 2722 in
1080 2655 1191 2722 hiber-

250 2803 291 2842 na
313 2780 381 2864 cogi
404 2778 506 2870 copias
534 2777 680 2868 placeret.
726 2777 947 2846 Gratissimum
973 2791 1079 2842 tamen
1095 2777 1193 2843 otium

249 2919 345 2963 novae
374 2894 580 2990 expeditionis
607 2920 771 2962 aerumnae
802 2898 1064 2990 interruperunt,
1098 2920 1193 2987 quam

248 3015 412 3082 Mauritius
433 3032 633 3107 suscepturus
655 3013 800 3084 adversus
819 3018 990 3104 Brugenses
1011 3032 1085 3082 erat.
1127 3018 1190 3082 Pa-

249 3133 379 3200 truelem
402 3137 542 3224 rogavit,
569 3151 606 3200 ut
628 3135 753 3202 consilio
777 3159 808 3201 se
830 3151 861 3202 et
887 3137 984 3227 copiis
1009 3133 1190 3223 adjuvaret:

247 3254 304 3345 qui
328 3255 432 3322 statim
453 3253 616 3346 profectus
638 3270 702 3337 est,
728 3271 759 3320 et
785 3256 818 3319 in
843 3253 1022 3321 Flandriam
1045 3279 1118 3322 cum
1138 3254 1191 3322 illo

247 3371 421 3440 contendit.
467 3374 516 3438 Ibi
537 3397 611 3442 vero
630 3372 790 3439 salebrosis
816 3374 871 3439 viis
898 3375 1112 3466 itinerumque
1134 3399 1189 3440 er-

245 3495 380 3562 roribus
399 3493 441 3558 ita
470 3491 617 3560 retardati
650 3506 744 3578 sunt,
776 3477 833 3578 ut,
866 3517 900 3560 re
928 3493 1069 3576 infecte,
1098 3518 1189 3570 naves

246 3613 431 3704 quantocius
454 3610 664 3681 conscendere
687 3629 880 3700 cogerentur.
925 3614 974 3680 Ex
995 3637 1030 3678 ea
1051 3611 1185 3706 expedi-

246 3732 330 3798 tione
350 3731 516 3802 Mauritius
543 3734 691 3801 morbum
710 3758 835 3821 gravem
857 3735 1032 3802 contr-exite
1079 3733 1188 3804 Guiii-

246 3850 344 3920 elmus
368 3851 532 3920 incolumis
553 3855 588 3920 in
607 3853 735 3922 Frisiatn
757 3850 873 3939 rediit,
910 3878 1044 3944 suosque
1073 3856 1107 3920 in
1131 3854 1187 3920 bi-

242 3971 344 4038 berna
367 3969 496 4040 dimisit.
524 3974 566 4043 (2)

282 4167 322 4236 (ι)
341 4167 529 4234 Winsemius,
548 4171 848 4240 l.XiX.p.813·814.
873 4176 949 4244 lteyd
961 4213 969 4241 ,
982 4177 1000 4227 i.
1014 4177 1033 4227 i.
1045 4197 1071 4244 p.
1085 4180 1143 4230 214.

282 4259 323 4328 (a)
344 4259 480 4324 Erumiua,
499 4279 527 4328 p·
547 4279 608 4333 roy.
636 4264 733 4332 noyn,
754 4264 774 4315 l.
793 4264 812 4316 l.
833 4284 858 4334 p.
879 4269 937 4322 216·
967 4267 1035 4333 flor,
1056 4268 1075 4319 l.
1090 4267 1185 4320 XXX.

246 4366 272 4416 p·
293 4351 335 4406 ὀί.
372 4351 507 4420 Grotius,
533 4351 553 4408 1.
576 4352 632 4408 tlt.
649 4371 678 4421 p.
699 4355 757 4408 181.

817 4412 834 4441 φ
