3408 5664
947 705 991 783 tt

493 873 637 984 adspexit
661 881 869 975 Guiliebnns,
901 888 955 984 sed
979 886 1149 982 reprimere
1171 890 1287 958 feroces
1310 901 1439 958 suoutnt

493 1025 525 1084 et
546 1007 721 1077 vindictam
741 1013 893 1104 spirantes
914 1011 1041 1100 spiritus
1064 1010 1151 1077 nullo
1183 1009 1279 1077 inodo
1306 1029 1440 1103 poterat.

539 1131 671 1195 Interim
695 1129 817 1196 obsidio
839 1131 1065 1216 Groningensis
1084 1154 1206 1195 summo
1224 1127 1336 1196 ardore
1358 1151 1439 1197 con2

497 1253 687 1317 tinuabatur.
733 1249 881 1316 Cuniculi
908 1251 997 1316 bre'vi
1027 1247 1067 1314 ad
1101 1251 1188 1314 urbis
1219 1247 1331 1316 fossam
1360 1271 1440 1342 pro-¹
1483 1263 1486 1274 '

495 1367 604 1437 ducti:
632 1373 758 1436 crebrae
781 1394 819 1435 ex
838 1372 927 1434 urbe
940 1370 1134 1434 excursiones
1156 1385 1290 1434 nocuere
1307 1386 1440 1455 anagno⁴v

495 1509 572 1580 pere
595 1489 831 1574 obsidentibus,
862 1487 917 1555 sed
949 1513 1013 1579 quo
1045 1486 1201 1554 adversior
1231 1489 1267 1552 iis
1294 1487 1441 1572 fortuna,

496 1635 533 1676 eo
554 1609 712 1676 alacriores
737 1626 768 1676 et
803 1611 897 1695 magis
928 1605 1081 1701 intrepidi
1109 1609 1214 1672 animi.
1258 1603 1441 1672 Obstinatos

497 1747 602 1796 autem
624 1728 777 1796 diuturno
798 1727 880 1796 bello
906 1730 1125 1814 Groningauos
1149 1728 1313 1792 irritarunt
1346 1729 1440 1814 magis

497 1853 591 1919 etiam
620 1854 775 1935 Jesnitae‚
808 1852 926 1915 artibus
957 1847 1162 1939 quorundam
1197 1847 1277 1914 elam
1310 1850 1346 1912 in
1378 1857 1437 1912 dr-t

496 1972 571 2037 bem
607 1969 740 2037 admissi.
796 1963 877 2035 Inde
912 1969 1054 2054 factum,
1079 1987 1117 2036 ut
1138 1967 1357 2037 moderatiores
1382 1971 1441 2036 viri

498 2090 599 2158 furori
618 2091 721 2182 plebis
743 2090 882 2156 resistere
910 2114 976 2156 non
1007 2105 1157 2188 possent3
1193 2103 1224 2153 ct
1251 2090 1443 2177 gravissimae

496 2209 665 2277 seditiones
711 2209 813 2277 civiles
857 2211 1066 2276 exorirentur.
1134 2207 1284 2274 induciae
1316 2207 1443 2300 perfide

496 2332 641 2413 violatae,
664 2348 695 2396 et
717 2347 947 2397 tormentorum
969 2329 1102 2394 fulmina
1119 2321 1259 2421 repetita.
1293 2327 1442 2395 Tandem

498 2441 574 2518 cum
592 2449 708 2542 specds
728 2449 857 2542 pulvere
879 2450 994 2514 nitrato
1015 2447 1123 2514 referti
1151 2448 1255 2514 subito
1285 2446 1440 2540 explode-¹

498 2587 631 2652 rentur,
662 2585 829 2659 tantaeque
861 2569 1077 2635 corruentium
1107 2566 1231 2634 aedium
1258 2569 1367 2634 ruinae
1389 2589 1442 2632 es-

501 2706 571 2755 sent
583 2740 593 2773 ‚
621 2706 659 2754 ut
682 2689 779 2754 facilis
801 2687 964 2755 foederatis
982 2685 1023 2752 ad
1045 2689 1159 2754 urbem
1181 2685 1282 2752 aditus
1301 2702 1442 2779 pateret,

499 2825 572 2898 post
590 2806 701 2872 multas
723 2805 958 2873 deliberationes
983 2805 1024 2870 de
1047 2804 1214 2872 deditionis
1245 2806 1362 2892 legibus
1392 2804 1443 2872 die

432 3001 434 3006 ,
503 2927 542 2993 13
562 2925 714 3016 Quintilis
733 2928 888 2993 convenit.
920 2925 1072 2992 Postridie
1091 2929 1219 2993 excessit
1236 2926 1443 3020 praesidium

500 3070 597 3114 novae
623 3047 728 3137 copiae
751 3047 925 3130 immissae,
954 3071 1030 3138 quas
1049 3049 1262 3138 sequebantur
1282 3047 1356 3113 belli
1375 3046 1441 3111 du-

501 3175 572 3250 ces,
600 3165 691 3232 hilari
714 3191 843 3232 suorum
864 3167 968 3233 animo
995 3167 1144 3258 laetisque
1175 3166 1443 3235 acclamationibus

500 3287 632 3378 excepti.
677 3287 792 3373 Leges,
832 3287 947 3378 quibus
981 3311 1013 3352 se
1046 3286 1198 3353 dederant
1224 3290 1444 3374 Groningani‚

498 3407 698 3497 aequissimae
726 3407 856 3473 fuerunt
868 3439 879 3494 3
915 3432 1054 3498 namque
1085 3406 1234 3500 adscripti
1264 3405 1440 3474 foederato*

499 3548 572 3592 rum
607 3529 767 3611 societati,
804 3527 884 3595 salva
914 3531 985 3615 jura
1017 3543 1049 3593 et
1079 3527 1258 3621 privilegia,
1296 3552 1376 3620 quae
1406 3527 1443 3593 iis

499 3662 571 3712 ante
604 3646 813 3716 defectionem
849 3648 994 3735 fuerant,
1028 3665 1266 3741 recuperarunt.
1320 3645 1465 3716 Deinde

499 3766 557 3854 qui
584 3763 686 3857 pridie
716 3770 775 3834 sub
808 3792 968 3861 vesperem
996 3793 1027 3836 se
1060 3784 1243 3860 receperant
1276 3769 1312 3834 in
1344 3783 1441 3834 casu-a
1482 3822 1484 3826 ,

496 3883 592 3954 duces
612 3888 768 3974 Nassavii,
791 3890 827 3958 in
852 3891 1009 3958 civitatem
1028 3887 1200 3958 redierunt.
1234 3889 1440 3956 Comitaban⁴

496 4021 549 4073 tur
577 4030 628 4077 eos
659 4023 720 4077 tres
751 4034 790 4081 ex
823 4009 932 4084 eadem
972 4028 1065 4100 gente
1100 4009 1242 4082 Narravia
1279 4009 1437 4091 Conrites,
