3408 5664
1031 1045 1073 1108 86

579 1215 725 1286 adantum
748 1215 788 1284 ad
812 1234 949 1286 extrema
974 1218 1036 1300 iri,
1061 1214 1150 1309 quod
1169 1219 1236 1304 ejus
1260 1215 1372 1282 milites
1395 1220 1532 1310 pessimo

584 1334 670 1426 apud
697 1336 917 1424 Groninganos
939 1334 1105 1420 audirent,
1133 1360 1236 1425 neque
1257 1335 1421 1404 intrandae
1441 1340 1532 1404 urbis

558 1465 559 1471 ’
580 1479 670 1546 spem
690 1455 787 1522 ullam
810 1455 981 1524 baberent:
1027 1453 1271 1543 Verdugouem,
1296 1482 1361 1548 quo
1384 1457 1532 1548 pluribus

582 1576 678 1663 copiis
694 1575 844 1668 polleret,
861 1601 898 1643 eo
917 1576 982 1642 illas
1000 1575 1204 1664 negligentius
1221 1575 1337 1642 babere
1350 1593 1380 1642 et
1392 1575 1528 1667 perdere

579 1695 686 1763 levius.
741 1693 839 1785 Quod
871 1721 945 1764 vero
976 1697 1121 1762 timerent
1145 1698 1267 1762 externi
1286 1695 1383 1762 bostis
1402 1694 1528 1762 adveu-

581 1831 670 1898 tum,
692 1817 791 1882 areeri
805 1839 880 1882 eum
900 1817 1018 1902 egregie
1037 1843 1054 1880 a
1075 1817 1263 1882 Tubantum
1280 1814 1397 1884 finibus
1412 1841 1526 1908 posse,

579 1936 604 1999 si
627 1937 765 2024 equestri
797 1934 951 2026 praesidio
979 1934 1182 2002 firmarentur
1207 1937 1438 2004 Transisalenae
1460 1962 1526 2030 op-

579 2050 664 2144 pida.
729 2051 933 2142 Negligendas
964 2077 1062 2146 porro
1097 2057 1245 2148 temporis
1277 2056 1429 2141 angustias
1465 2080 1530 2122 esse

582 2174 750 2256 censebat,
783 2172 1045 2266 quandoquidem
1081 2177 1202 2260 omnis,
1235 2177 1292 2268 qui
1333 2176 1530 2264 Groniugam

583 2295 745 2378 ambibat,
781 2317 852 2380 ager
896 2292 1019 2378 editus,
1065 2294 1163 2360 durus
1194 2312 1226 2360 et
1253 2320 1398 2363 arenosus
1429 2313 1531 2380 esset,

580 2411 658 2480 adeo
680 2431 716 2478 ut
736 2415 803 2480 sine
824 2415 909 2500 gravi
930 2413 1132 2482 incommodo
1160 2413 1207 2482 vel
1232 2417 1417 2482 morborum
1440 2432 1527 2480 metu

579 2532 619 2598 ad
645 2557 784 2602 mensem
815 2560 916 2625 usque
938 2537 1149 2602 Nouembrem
1178 2536 1344 2602 consistere
1366 2536 1400 2600 in
1424 2535 1532 2600 castris

580 2655 735 2720 exereitus
758 2672 872 2745 posset.
919 2657 1010 2744 Quin
1032 2657 1136 2746 potius
1155 2654 1325 2746 optabilem
1349 2655 1408 2720 sibi
1428 2678 1528 2720 seram

578 2775 654 2838 anui
685 2789 902 2864 tempestatem
935 2773 1054 2858 videri,
1089 2801 1151 2864 qua
1172 2775 1339 2860 aegerrime
1361 2798 1420 2866 per
1444 2775 1529 2840 sale-.

579 2893 650 2959 bras
681 2891 876 2984 paludesque
907 2917 1088 2960 succurrere
1118 2894 1246 2960 afflictae
1271 2894 1387 2960 civitati
1408 2894 1527 2983 Hispu-

578 3035 694 3078 norum
714 3013 825 3078 auxilia
847 3011 1007 3080 auderent.
1020 3047 1066 3066 νε
1102 3015 1157 3080 His
1179 3016 1219 3078 ita
1236 3014 1401 3106 perspicue
1422 3037 1528 3106 expo-

578 3132 644 3198 sitis
669 3155 709 3196 ne
730 3150 842 3223 sponte
866 3135 1091 3200 assentirentur
1115 3131 1272 3216 Ordines,
1305 3150 1406 3200 metus
1429 3132 1529 3218 fecit,

579 3275 620 3317 ue
643 3251 725 3318 bello
747 3253 944 3338 Groningam
974 3253 1143 3337 translato,
1176 3254 1288 3322 Frisiae
1310 3255 1375 3340 agri
1398 3255 1525 3320 vicino-

578 3396 651 3436 rum
672 3374 790 3462 rapinis
809 3390 965 3464 patereut.
1001 3376 1157 3440 Praestare
1178 3375 1367 3457 censebant,
1390 3399 1455 3440 non
1467 3375 1523 3438 in-

579 3492 724 3558 termissis
757 3494 971 3558 vexationibus
996 3491 1036 3590 ad
1069 3491 1262 3558 deditionem
1294 3492 1440 3584 compelli
1463 3517 1522 3558 ru·-

578 3612 672 3698 bem3
709 3637 775 3702 quo
797 3611 926 3678 consilio
948 3635 986 3678 ex
1015 3613 1124 3678 vicinis
1147 3614 1221 3678 urbi
1241 3613 1317 3698 agris
1349 3629 1419 3678 tum
1441 3612 1524 3696 abigi

575 3731 726 3812 rusticos,
758 3747 828 3796 tum
861 3729 1012 3798 devastari
1033 3731 1216 3798 hormotinas
1241 3730 1344 3816 fruges
1368 3747 1524 3822 oportere.

575 3847 642 3912 Nec
664 3871 737 3914 vero
758 3845 886 3924 defuere
907 3852 941 3914 in
962 3850 1128 3925 ordinum
1157 3867 1267 3934 coetu,
1301 3852 1358 3941 qui
1381 3866 1525 3942 suspecte

577 3965 737 4032 Guilielmi
757 3969 881 4034 consilia
902 3970 1077 4054 haberent,
1100 3973 1188 4062 quasi
1207 3971 1319 4061 privati
1338 3971 1387 4036 sui
1405 3987 1437 4036 et
1455 3969 1521 4036 ho-

576 4089 660 4152 noris
682 4105 713 4152 et
736 4089 958 4173 emolumenti,
982 4116 1046 4156 non
1059 4091 1247 4180 reipublicae
1262 4083 1524 4176 caussamageret'.

573 4210 723 4273 Ceterum
741 4210 796 4274 etsi
817 4209 889 4275 belli
907 4210 1051 4277 fortunae
1072 4213 1264 4279 rusticorum
1285 4211 1397 4298 ejectio
1418 4209 1522 4276 favere

574 4326 741 4409 Guilielmo
774 4328 953 4415 videretur,
986 4347 1088 4398 tamen
1118 4331 1254 4400 alienum
1276 4327 1361 4398 idern
1386 4331 1425 4396 ab
1449 4327 1519 4394 bu-
