3408 5664
998 956 1057 1024 102

561 1130 690 1222 insuper
717 1155 752 1196 ac
786 1125 834 1198 W
831 1110 951 1214 oddus,
972 1132 1048 1199 item
1068 1128 1115 1200 W
1112 1122 1393 1198 estmooldioruin
1418 1135 1495 1201 Gu-

560 1247 757 1314 beinatorem
789 1247 908 1316 solenni
942 1247 1111 1342 diplomate
1145 1251 1382 1318 renuntiarunt.
1425 1254 1494 1320 Hoc

561 1367 675 1454 insigni
705 1366 825 1435 bonore
858 1369 1004 1454 affectus,
1048 1369 1082 1435 in
1111 1359 1257 1462 patriam
1286 1369 1427 1438 tellurem
1462 1397 1495 1438 se

518 1575 520 1582 s
559 1483 723 1571 confesse,
756 1503 789 1554 et
819 1504 941 1578 panem
976 1511 1083 1556 senem
1123 1489 1244 1559 visitare
1285 1490 1321 1556 in
1353 1493 1494 1558 animum

559 1603 695 1673 induxit.
738 1607 799 1674 Cui
821 1609 983 1701 proposito
1018 1633 1092 1676 cum
1132 1609 1267 1686 obstinet
1305 1608 1386 1676 nihii
1398 1659 1409 1696 ,
1442 1609 1496 1678 die

565 1725 604 1791 18
643 1725 720 1792 Dec.
762 1727 929 1797 musitante
971 1729 1125 1797 Vervovio
1166 1723 1401 1816 Dillenhufgam
1447 1747 1495 1798 est

561 1843 740 1935 profectus,
779 1869 844 1936 quo
877 1847 1006 1918 ineunte
1038 1848 1182 1940 proximo
1217 1872 1301 1919 anno
1328 1850 1494 1942 pascuit,

560 1962 684 2049 ignotus
704 1964 840 2056 patsi'et
859 1963 990 2032 familiae
1015 1962 1138 2054 (viginti
1161 1965 1246 2038 enim
1274 1988 1371 2032 annos
1400 1967 1494 2034 istinc

561 2081 726 2172 abinemt).
768 2083 837 2174 Qui
857 2100 1027 2176 postquam
1054 2107 1085 2150 se
1115 2085 1250 2152 invicem
1268 2086 1402 2152 maximo
1420 2108 1494 2156 cum

560 2201 674 2270 affectu
695 2202 956 2288 consalutassent,
985 2203 1146 2294 multaque
1172 2204 1256 2270 vario
1277 2227 1419 2271 sermone
1440 2227 1494 2269 se-

552 2345 635 2389 num
657 2323 955 2406 communicassent,
988 2325 1100 2396 Comes
1122 2325 1255 2393 Joannes
1277 2337 1494 2388 testamentum

561 2442 764 2535 consempsit,
786 2465 827 2507 ne
846 2466 908 2533 qua
929 2465 961 2508 se
979 2458 1104 2516 mortno
1121 2464 1300 2516 numerosae
1317 2440 1398 2532 proli
1410 2465 1494 2508 con-

558 2561 774 2627 troversiarum
809 2561 927 2631 occasio
963 2576 1149 2630 nascentur.
1204 2561 1262 2627 Die
1293 2564 1315 2630 3
1343 2585 1387 2627 m.
1416 2559 1495 2625 Feb.

562 2677 745 2746 Gniiielmus
768 2703 842 2746 oum
863 2681 996 2749 Ernesto
1015 2677 1493 2750 cninboetbudovicoflum

561 2811 628 2864 tero
659 2795 901 2884 Dillenburgia
930 2815 1020 2890 patre
1050 2800 1145 2883 abiit,
1166 2814 1261 2888 atq'ue
1281 2800 1364 2864 intra
1385 2794 1494 2864 erede·

555 2915 623 2984 cim
638 2915 709 2984 ¹dics
731 2915 895 2984 ineolumis
918 2918 1113 3005 Groningam
1135 2917 1272 2986 revestit.
1297 2915 1338 2984 (¹)

603 3036 709 3102 Tanti
740 3053 848 3103 rerum
879 3035 1016 3106 civilium
1038 3011 1120 3104 mole
1141 3061 1207 3105 nou
1224 3025 1372 3120 obrutus,
1390 3059 1491 3128 expc-

559 3156 690 3244 ditioni,
732 3177 829 3248 quam
860 3155 1026 3224 Mauritius
1062 3155 1210 3248 parabat,
1239 3153 1383 3220 interfuit
1418 3177 1493 3221 cum

557 3274 705 3342 fininibus
725 3273 860 3343 Ernesto
874 3273 1097 3360 etbudovico‚
1109 3274 1284 3342 Comitibus
1294 3271 1495 3371 Hobenloj03

558 3395 710 3462 Solmensi
720 3412 751 3461 et
763 3397 902 3464 Hebriue
911 3393 1096 3476 Fredesieo‚'
1104 3395 1244 3486 primum
1253 3391 1325 3460 belli
1333 3392 1492 3460 fortunam
1626 3463 1630 3471 ,

555 3530 733 3605 expertuno.
764 3516 933 3582 Constabat
950 3510 1100 3604 pedestris
1117 3514 1268 3579 exercitus
1284 3512 1396 3606 septies
1407 3496 1493 3578 nilla

555 3632 740 3726 peditibus,
777 3631 862 3700 mille
895 3630 1038 3700 ducentis
1072 3629 1256 3723 equitibus:
1287 3629 1491 3720 quadraginta

555 3767 707 3818 tormenta
739 3753 856 3838 majora
876 3749 1015 3818 ¹adverso
1051 3747 1164 3819 Rheno
1200 3749 1490 3818 transvehebantun.

554 3867 720 3937 Amhemo
734 3868 889 3962 proiecti,
908 3893 1014 3936 mense
1031 3869 1170 3960 Quintili
1191 3868 1264 3936 belli
1277 3868 1374 3938 duces
1383 3867 1491 3962 Alpo-

553 4013 626 4056 uam
647 4012 750 4056 arcem
771 4005 986 4080 occuparunt,
1017 4005 1049 4055 et
1069 3986 1230 4086 obsidione
1250 3988 1493 4058 Rhenobercam

552 4111 739 4193 cinxerunt3
762 4106 901 4177 amiculi
924 4109 1014 4176 tertii
1035 4123 1128 4175 nocte
1152 4105 1372 4176 adducentes
1387 4107 1491 4198 quin-

588 4277 628 4346 (ι)
648 4273 688 4329 Μ.
706 4276 735 4332 S.
755 4278 802 4331 cit.
826 4278 1012 4344 Wiusamius,
1032 4278 1051 4331 Ι.
1071 4277 1154 4330 xix.
1172 4295 1208 4349 n.
1220 4279 1280 4346 829.
1298 4278 1364 4330 850.
