3454 5658
574 993 622 1062 dis
646 995 812 1086 Hobenloji
830 995 933 1080 fami,
958 1021 1027 1064 suos
1052 1021 1124 1064 cum
1148 997 1266 1066 nollent
1288 998 1320 1064 in
1342 979 1528 1064 discrimen

576 1121 702 1201 vocare,
725 1117 828 1184 subito
851 1119 1014 1184 stationem
1047 1115 1080 1182 d.
1116 1118 1154 1184 18
1181 1117 1266 1182 lunii
1296 1113 1511 1182 deseruerunt.

480 1313 483 1324 1
573 1235 685 1327 Neque
718 1249 949 1325 praematmnm
981 1259 1090 1303 eorum
1123 1234 1285 1304 consilium
1317 1234 1401 1321 suite
1438 1257 1512 1302 nam

571 1351 808 1446 suppeditandis
827 1351 1001 1420 identidem
1024 1355 1145 1446 petenti
1168 1353 1346 1442 Hobenlojo
1368 1351 1509 1434 auxiliis,

573 1469 650 1540 adeo
668 1472 844 1540 debilitatae
865 1474 943 1540 vires
961 1487 1067 1556 erant,
1092 1488 1129 1538 ut
1147 1471 1300 1564 proelium
1320 1472 1512 1538 committere

573 1617 647 1659 cum
671 1593 845 1684 Hispaniois
867 1617 933 1659 non
952 1608 1088 1683 possent.
1132 1592 1223 1682 Quin
1244 1592 1349 1682 potius
1365 1585 1511 1658 budandi

573 1709 752 1796 illi'nobis,
784 1709 870 1803 quod
901 1711 1013 1778 milites
1038 1735 1126 1794 suos,
1162 1706 1356 1778 adventantis
1387 1710 1511 1778 Soenlrii
1531 1685 1558 1716 '¹

573 1828 731 1922 perculsos
751 1848 869 1915 metu,
907 1853 942 1898 ac
978 1853 1036 1924 per
1073 1828 1190 1923 oppida
1223 1832 1303 1896 varia
1336 1827 1511 1922 dispersos,

431 1941 434 1950 ’
572 1949 843 2037 cito'coegerrmt,
867 1967 962 2042 atque
981 1952 1017 2016 in
1032 1948 1177 2016 ordinem
1194 1948 1393 2036 redegerunt.
1421 1947 1509 2016 Idem

571 2066 685 2135 lecerat
704 2068 921 2157 Hohenlojus,
953 2086 984 2134 et
1006 2091 1079 2136 eum
1101 2070 1261 2161 copiarum
1288 2068 1423 2160 reliquiis
1446 2068 1510 2135 Ol-

573 2181 739 2253 densoliam
769 2187 808 2250 ab
839 2188 1066 2276 expugnatione
1099 2202 1241 2252 servarat.
1287 2187 1332 2253 At
1355 2169 1512 2280 pertertiti
1618 2255 1621 2262 ,

573 2304 607 2368 in
630 2327 702 2390 agro
726 2304 934 2388 Groningano
955 2302 1074 2369 accolae
1103 2305 1237 2371 maximo
1260 2328 1389 2371 numero
1411 2305 1509 2392 solum

577 2437 761 2510 verterunt,
793 2445 833 2488 ne
865 2435 988 2513 praeter
1018 2445 1103 2508 agros
1137 2439 1168 2488 et
1191 2422 1511 2516 pecudes'oeteraque

574 2543 676 2626 bona,
692 2542 752 2634 ipsi
770 2557 899 2632 qnoque
912 2541 1125 2632 Hispanorum
1135 2539 1271 2607 lubidini
1288 2543 1510 2630 objicerentur.

573 2663 744 2753 Postquam
765 2661 928 2746 Groninga
959 2657 1120 2727 obsidione
1152 2659 1280 2726 liberata
1314 2677 1398 2746 erat,
1430 2685 1510 2728 con-

566 2780 688 2868 junctis
708 2779 824 2846 vatin
843 2779 1077 2865 aennemgtus
1094 2795 1126 2845 et
1145 2759 1347 2848 sentina.
1367 2785 1410 2852 20
1426 2783 1510 2850 runa

572 2897 804 2993 Delpbizylium
823 2897 982 2966 castellum
1004 2900 1038 2964 in
1062 2897 1168 2968 Amasi
1188 2925 1262 2984 ora,
1290 2899 1378 2992 quod
1402 2928 1419 2968 a
1441 2919 1507 2968 trer

572 3019 668 3085 centis
686 3015 833 3084 militibus
857 3017 1041 3101 tenebatur,
1066 3035 1309 3111 oppugnarunt3
1330 3017 1410 3086 'inde
1432 3021 1507 3112 Up-

571 3137 727 3206 slacbtum
751 3161 824 3204 cum
853 3138 995 3205 militum
1012 3162 1107 3204 manu
1127 3141 1301 3231 progressi,
1324 3142 1510 3232 quingentos

571 3255 782 3350 praesidiarios
803 3258 961 3352 captivos,
987 3259 1103 3349 quibus
1127 3260 1204 3325 vitae
1235 3281 1325 3352 spem
1352 3258 1507 3338 fecerant,

572 3374 738 3444 crudeliter
770 3373 978 3443 trucidarunt
1024 3376 1128 3444 'Ante
1162 3375 1293 3468 quidem
1324 3376 1506 3446 Guilielmus

571 3493 747 3585 Frisiaeque
777 3489 938 3560 Ordinum
958 3497 1065 3582 Legati
1091 3493 1245 3562 efferenda
1272 3494 1423 3586 praesidio
1447 3517 1506 3562 ne-

572 3614 694 3682 cessaria
717 3626 922 3696 curaverant,
943 3611 998 3680 sed
1018 3639 1096 3688 ,cum
1117 3614 1324 3682 afferebantur
1344 3611 1510 3680 deditionis

568 3733 634 3817 jem
664 3730 742 3818 leges
774 3749 992 3802 convenerant.
1018 3734 1071 3808 Μ’
1169 3807 1171 3812 ,

607 3936 647 4006 (ι)
669 3934 813 4004 Fresinga,
832 3952 858 4001 p·
873 3936 919 3990 ιῧι
936 3953 1012 4006 seqq.
1040 3933 1100 4002 blan
1112 3931 1252 3997 biotam,
1265 3935 1284 3986 l.
1295 3937 1314 3986 Ι.
1327 3952 1355 4003 p.
1366 3935 1419 3990 385
1429 3951 1507 4004 seqq.

572 4021 627 4077 bor
644 4021 664 4075 1.
682 4021 748 4077 XV.
767 4040 795 4092 p.
815 4027 866 4079 214
883 4041 958 4096 seqq.
986 4024 1080 4096 noya,
1101 4023 1120 4074 l.
1132 4024 1190 4092 hp.
1203 4026 1245 4080 st.
1274 4023 1378 4090 lloolt,
1391 4024 1410 4075 Ι.
1422 4021 1506 4077 xvi·

568 4129 597 4182 p.
613 4113 661 4185 691
682 4129 760 4185 seqq·
795 4111 931 4180 Grotius,
950 4115 970 4170 l.
988 4115 1009 4167 l.
1027 4131 1055 4184 p.
1071 4113 1115 4183 69.
