3454 5658
1027 916 1069 980 36

626 1090 797 1181 Occupatis
819 1103 941 1171 antem,
962 1111 1043 1180 ¹quae
1056 1110 1158 1178 supra
1179 1087 1439 1170 memoravimus,
1464 1073 1537 1152 lo-'

581 1207 644 1292 cis,
666 1207 851 1276 Guilielmus
874 1205 1036 1274 adeundae
1071 1206 1252 1292 Groningae
1285 1227 1391 1272 mense
1421 1206 1539 1272 lunio

507 1367 514 1392 2
581 1327 704 1396 consilia
725 1327 819 1418 cepit.
862 1327 913 1394 Ea·
930 1325 1016 1392 enim
1046 1325 1122 1390 urbs
1154 1341 1306 1416 tanquam
1333 1349 1388 1390 arx
1419 1323 1512 1406 belli,

578 1443 751 1537 plurimum
772 1446 908 1514 vicinam
936 1443 1109 1512 accolarum
1141 1444 1298 1531 regionem
1325 1460 1357 1510 et
1385 1444 1515 1510 Frisium

579 1589 708 1656 quoque
737 1564 923 1633 infestabata
959 1565 996 1630 et
1036 1564 1128 1656 capte
1162 1587 1232 1656 spes
1263 1579 1328 1629 erat
1359 1562 1444 1647 lore,
1477 1577 1515 1628 ut

578 1681 651 1748 belli
674 1681 895 1750 calamitatibus
917 1679 976 1746 hae
994 1679 1173 1772 provinciae
1190 1678 1407 1746 liberarentur.
1435 1679 1512 1769 Op-

576 1801 800 1894 portunitatem
830 1816 934 1866 autem
961 1824 1050 1886 sagax
1081 1797 1194 1866 Roelos
1216 1794 1317 1865 Keteli
1351 1795 1513 1864 consilium

576 1921 738 2012 praebuit,
762 1922 819 2011 qui
848 1920 978 1988 civitatis
1007 1919 1229 2005 Groninganae
1258 1914 1367 1999 exsul,
1393 1914 1513 1982 restitui

573 2060 643 2109 eam
669 2037 832 2106 foederatis
863 2039 1007 2130 apprime
1037 2037 1195 2130 cupiebat.
1237 2037 1269 2102 Is
1298 2033 1372 2102 dolo
1400 2034 1512 2100 urbem

575 2159 746 2252 expugnari
777 2181 865 2250 posse
898 2158 1061 2241 censebat,
1096 2157 1122 2222 si
1150 2158 1305 2222 emitteret
1326 2153 1511 2223 Guilielmus

572 2276 708 2344 militum
725 2273 975 2342 fidelissim0rum
996 2298 1145 2358 manum,
1165 2277 1240 2366 qui,
1263 2291 1356 2367 porta
1373 2271 1510 2366 quadam

572 2392 649 2460 ma'le
671 2391 822 2461 custodita
842 2395 955 2487 potiti,
978 2393 1042 2460 aliis
1066 2418 1165 2486 parvo
1183 2395 1248 2462 viae
1269 2395 1370 2486 spatio
1396 2395 1507 2460 subse·

573 2513 743 2604 quentibus
759 2512 881 2580 aditum
900 2514 936 2579 in
953 2514 1066 2579 urbem
1084 2514 1252 2606 aperirent.
1284 2515 1364 2580 Rem
1373 2510 1508 2580 Guiliel-

571 2656 642 2699 mus
674 2656 746 2700 cum
770 2632 883 2702 Ketelo
912 2632 1040 2723 aliisque
1065 2630 1190 2700 duobus
1218 2657 1276 2725 per
1297 2630 1363 2699 dies
1387 2630 1509 2723 ¹aliquot

572 2746 771 2836 deliberavit,
802 2749 856 2818 sed
885 2753 1017 2846 rejtecit,
1054 2749 1142 2843 quod
1172 2753 1332 2818 temeraria
1362 2753 1455 2820 nimis
1477 2768 1510 2818 et

572 2891 688 2962 anceps
705 2867 881 2939 videbatur.
923 2871 1022 2938 Instat
1040 2871 1160 2937 consilii
1183 2887 1309 2954 auctor,
1334 2869 1506 2938 difficulta-

572 3005 616 3056 tes
636 2991 714 3058 scite
731 2989 831 3059 tollite
853 2991 913 3058 sibi
934 2991 1058 3075 locum,
1077 2987 1136 3057 sibi
1158 2987 1314 3056 custodiae
1337 2989 1506 3056 inbecill-

572 3123 667 3174 tatem
687 3125 760 3176 nota
787 3132 875 3194 esse,
908 3132 941 3174 se
968 3129 1036 3174 rem
1066 3132 1234 3191 ausuum,
1269 3105 1365 3174 modo
1388 3108 1508 3173 itineris

568 3230 664 3298 socios
683 3225 893 3322 adipiscatur,
913 3230 1047 3316 jactans.
1100 3228 1208 3296 Vincit
1241 3228 1410 3296 verborum
1439 3228 1506 3293 im·

570 3364 679 3440 petus,
714 3347 937 3442 proficiscitur.
1005 3347 1203 3415 Comitantur
1233 3370 1306 3413 eum
1336 3350 1435 3414 Onno
1464 3347 1505 3412 ab

570 3467 732 3550 Euwsum,
754 3491 851 3534 manu
868 3467 957 3534 sortis
974 3482 1006 3530 et
1021 3467 1156 3533 maximo
1174 3463 1263 3549 odio,
1282 3480 1392 3558 utpote
1409 3490 1504 3534 acco·

568 3584 618 3670 la,
653 3586 687 3650 in
719 3586 937 3671 Groninganos
976 3583 1121 3667 fervens,
1162 3581 1292 3649 indutus
1327 3585 1504 3651 mercatoris

568 3703 696 3786 habitu,
724 3720 909 3795 mutatoque
942 3702 1028 3770 saniei
1069 3677 1189 3787 dolore,
1224 3719 1293 3768 tum
1327 3701 1502 3792 Kreynins,

569 3821 626 3910 qui
647 3821 768 3906 au1igae
785 3845 817 3886 se
838 3819 1000 3906 assimilat,
1023 3819 1135 3912 aliique
1163 3818 1203 3886 ad
1233 3817 1416 3911 quindecim
1443 3817 1502 3887 alis

567 3939 669 4030 specie
688 3939 833 4025 insignes.
878 3940 942 4006 Hos
963 3961 1092 4025 omnes,
1124 3935 1203 4030 quid
1228 3942 1356 4031 proprie
1378 3939 1424 4004 rei
1448 3961 1500 4004 es-

566 4073 632 4142 set,
653 4051 794 4144 vlatebat3
829 4055 1061 4146 significabatur
1091 4073 1235 4142 tantum,
1271 4055 1502 4150 expeditionem

566 4176 717 4276 spoliandi
739 4175 842 4244 divitis
869 4175 1029 4245 cuiusdam
1057 4178 1233 4246 mercatoris
1261 4201 1365 4260 causa,
1405 4199 1503 4265 quem
