3454 5658
995 843 1037 910 72

549 1015 629 1083 vicio
652 1013 791 1086 devictus
811 1015 897 1083 haud
918 1018 1073 1085 immerito
1092 1031 1169 1084 esset
1187 1018 1356 1084 subiturus.
1400 1016 1492 1104 Ergo

547 1136 698 1227 utrinque
712 1115 1049 1228 per-'procurationem
1064 1133 1120 1202 diu
1133 1161 1183 1203 res
1200 1111 1367 1224 agebam,
1382 1161 1484 1228 quum

546 1251 691 1322 recedere
707 1272 835 1339 neuter,
857 1257 918 1322 nisi
932 1255 1022 1322 vellet
1033 1255 1157 1322 alterius
1176 1255 1346 1326 commodis
1363 1255 1495 1338 favere,

546 1389 616 1440 tuto
637 1375 672 1441 in
700 1376 857 1462 regionem
876 1397 964 1440 suam
990 1391 1103 1469 posset.
1147 1376 1176 1444 Ε
1204 1377 1321 1468 quibus
1343 1373 1484 1443 difficul-

545 1495 680 1576 tatibus,
710 1519 788 1586 quae
806 1519 922 1586 parum
942 1508 1087 1561 veterano
1108 1493 1299 1562 honorificae
1316 1510 1428 1576 erant,
1448 1509 1487 1558 ut

545 1615 649 1706 subito
669 1611 700 1678 se.
718 1612 882 1707 expediret
898 1611 1065 1700 Vertlngo,
1086 1611 1171 1680 idem
1192 1611 1280 1706 quod
1298 1629 1386 1706 antu
1395 1613 1486 1678 irrito

545 1732 739 1800 machinatus
779 1732 900 1816 luerat,
941 1734 1054 1800 iterum
1090 1750 1208 1800 tentare
1246 1755 1312 1800 non
1347 1731 1496 1812 erubrus

546 1851 677 1919 Sublato
705 1850 872 1920 Guilielmo
899 1853 1034 1920 victoriis
1059 1854 1122 1920 suis
1155 1851 1236 1918 nihil
1267 1847 1399 1946 amplius
1418 1852 1482 1917 ob-

545 1986 624 2036 stare
644 1985 749 2054 ratus,
773 1971 808 2035 in
831 1972 901 2057 ejus
923 1987 1020 2037 castra
1039 1969 1119 2040 duos
1138 1969 1278 2064 perditos
1306 1971 1480 2062 Hispanos,

543 2069 704 2156 Julianur'n
721 2087 896 2158 sanctium
910 2087 950 2156 de
964 2087 994 2156 la
1009 2091 1118 2169 Rotta,
1136 2105 1167 2156 et
1185 2091 1315 2158 Petrum
1330 2088 1482 2156 llloralcm

545 2204 804 2290 Cordubenacm,
832 2208 926 2299 paetd
944 2207 1108 2294 mercede,
1139 2210 1243 2293 misit,
1274 2209 1331 2301 qui
1350 2208 1480 2276 interli-

545 2341 653 2422 cerent
671 2325 753 2390 nihil
775 2323 839 2394 doli
858 2328 1080 2420 suspicantem.
1125 2326 1207 2413 Sed,
1228 2329 1292 2396 sive
1306 2327 1351 2394 illi
1368 2353 1480 2420 parum

546 2461 635 2512 caute
662 2447 937 2538 ,opportunitatem
966 2448 1197 2538 quaesiverint,
1226 2449 1288 2514 sive
1321 2445 1482 2532 diligentiis

544 2565 601 2660 sul
622 2565 797 2632 Nassaviani
821 2566 952 2633 istorum
976 2567 1121 2632 astutiam
1142 2564 1330 2647 fefellerint,
1361 2563 1485 2632 detecte

544 2683 655 2777 fraude
680 2687 782 2778 capite
805 2708 920 2782 poenas
944 2659 1163 2768 exsolverunt,
1198 2685 1381 2776 corponbus
1400 2707 1484 2774 qua-

545 2804 704 2898 drifariam
723 2803 886 2870 distractis.
940 2805 1067 2871 Ceteros
1087 2801 1209 2872 sceleris
1230 2805 1326 2870 socios
1345 2802 1487 2895 quumvis

544 2921 680 3018 prodere
698 2921 802 2988 salutis
820 2946 894 2988 suae
917 2919 1061 2988 mercede
1082 2921 1223 2987 Julianus
1247 2920 1361 3005 voluit,
1381 2936 1485 2986 tamen

545 3042 750 3140 Guilielmus,
789 3057 825 3106 ut
853 3042 931 3128 vitae
963 3043 1145 3118 miserorum
1175 3057 1336 3133 parceret,
1369 3063 1484 3136 aceep-

546 3165 583 3228 tis
604 3179 728 3228 tanturn
748 3163 949 3246 nominibus,
979 3179 1041 3254 qua
1068 3178 1134 3227 erat
1151 3160 1283 3227 naturali
1302 3159 1485 3242 clementia,

545 3302 610 3375 non
631 3299 813 3374 persecutus
834 3298 900 3366 est,
921 3279 976 3348 sed
998 3278 1205 3350 observandos
1227 3282 1356 3348 curavit.
1380 3279 1422 3347 (¹)

567 3489 570 3494 ,
589 3402 741 3496 Prospera
763 3405 849 3466 luere
870 3402 946 3467 anni
972 3403 1052 3471 1591
1076 3402 1163 3466 initia
1183 3377 1358 3467 foederatis.
1392 3401 1483 3467 Con-

542 3521 661 3606 junctis
687 3520 826 3604 viribus,
847 3519 1014 3612 implorato
1036 3519 1196 3588 Guilielmi
1215 3521 1346 3605 auxilio,
1369 3519 1420 3586 die
1446 3523 1485 3588 15

545 3640 625 3726 Mrji
647 3638 828 3730 Z‘utphauia
854 3665 871 3703 e
900 3639 1068 3722 Mauritio,
1100 3663 1247 3736 suprcrno
1277 3639 1350 3706 belli
1383 3636 1486 3724 duce,
1517 3631 1543 3738 ψ’

546 3754 683 3822 obsideri
714 3773 832 3847 coepta.
857 3735 860 3742 ⁴
886 3758 986 3822 Cessit
1017 3757 1156 3824 celeriter
1179 3761 1255 3826 urbs
1277 3759 1488 3840 Nassavianis‚

583 3959 622 4027 (ι)
643 3955 782 4021 Emmius,
794 3975 822 4025 p.
834 3975 877 4028 71.
918 3959 1188 4029 tteyd‚1.t.p.163.
1223 3961 1293 4026 Bor,
1307 3960 1326 4012 l.
1341 3959 1486 4029 xxvtll.

546 4067 575 4116 p·
593 4049 620 4102 4·
655 4047 843 4114 Winsemius,
861 4048 882 4100 Ι.
902 4049 985 4103 XlX.
1003 4069 1030 4118 p·
1044 4054 1105 4106 800.
1140 4051 1312 4120 wege-near,
1330 4051 1351 4101 Ι.
1371 4051 1485 4103 xxxt.

546 4157 573 4208 p.
586 4139 646 4210 349.
681 4136 820 4202 cerisium
847 4137 968 4192 'I'ableau
986 4141 1032 4193 des
1051 4141 1132 4197 Prov·
1150 4141 1244 4202 Unico.
1265 4151 1283 4194 t.
1303 4141 1357 4196 lV·
1377 4161 1405 4210 Ρ·
1428 4142 1487 4194 182.
