3454 5658
913 897 965 947 xlv

465 1075 536 1120 inus
558 1079 614 1121 nos
638 1055 719 1122 illico
740 1079 864 1140 omnes,
889 1059 1179 1144 sumnroflnfimm,
1204 1061 1313 1129 divites
1323 1089 1407 1156 pau-

401 1173 404 1178 ’
465 1199 572 1268 peres,
595 1175 708 1244 validos
733 1175 902 1261 infirmos,
924 1201 1038 1270 pueros
1070 1179 1147 1247 adeo
1175 1196 1205 1247 et
1235 1205 1321 1248 senes
1345 1206 1406 1252 nee

460 1297 608 1362 foeminas
633 1298 759 1381 minus,
804 1321 902 1388 qnam
931 1299 1034 1383 viros,
1079 1303 1237 1368 universos
1268 1301 1404 1369 vidimus

458 1440 583 1484 summo
606 1415 717 1484 ardore
740 1419 889 1501 excitari,
912 1435 949 1484 ut
979 1443 1173 1511 quacunque
1200 1437 1327 1512 possent
1346 1447 1402 1487 ra-

459 1539 542 1603 tione
563 1537 681 1628 patriae
704 1553 947 1605 succum-erent:
983 1561 1044 1606 nee
1074 1560 1148 1607 vero
1179 1540 1302 1629 impetu
1326 1563 1399 1606 mo-

455 1657 520 1720 veri
552 1653 715 1749 quodam,
738 1671 774 1720 ut
794 1657 900 1723 subito
926 1657 1185 1744 exardescerent,
1208 1684 1280 1726 mox
1301 1651 1397 1726 resri-

450 1792 632 1862 gescerent,
655 1775 709 1843 sed
738 1801 825 1864 agere
851 1788 1051 1862 constanter,
1073 1793 1247 1872 perpetuo,
1271 1779 1397 1871 quidvis

449 1897 550 1964 iacere
587 1913 619 1962 et
650 1899 779 1990 perpeti
807 1910 939 1989 paratos.
985 1897 1127 1982 Adhuc,
1152 1901 1253 1966 tribus
1272 1925 1395 1994 prope-

447 2016 533 2082 diem
557 2019 806 2102 exconmunis,
829 2019 864 2082 in
891 2020 1031 2086 excubiis
1053 2037 1183 2086 manent
1206 2021 1289 2088 cives
1316 2041 1394 2086 nos-

447 2139 507 2219 tri,
540 2137 580 2202 ab
605 2139 755 2203 uxoribus
783 2136 951 2228 liberisque
975 2141 1108 2222 remoti,
1142 2138 1283 2206 dolentes
1313 2141 1391 2231 qui-

442 2256 519 2321 dem
547 2255 591 2322 illi
612 2273 644 2319 et
670 2275 758 2340 aegre
779 2253 914 2320 ferentes
935 2269 1051 2320 sortem
1069 2279 1177 2339 suem,
1196 2277 1259 2324 nec
1284 2274 1390 2325 temen

444 2376 542 2441 inviti.
586 2371 677 2463 Quid
708 2371 828 2465 plura?
851 2375 933 2440 Nam
951 2375 1043 2461 Regis
1070 2377 1169 2442 nostri
1197 2375 1276 2466 quid
1306 2401 1388 2446 eon-

436 2497 585 2561 stantiam
609 2495 806 2562 memorem?
839 2495 912 2560 Fuit
935 2493 1006 2581 ilie,
1039 2509 1076 2561 ut
1093 2513 1226 2586 pareas
1244 2497 1294 2564 ille
1310 2523 1385 2588 pa-

424 2622 527 2683 triae
557 2616 648 2688 olim,
694 2615 844 2680 adversis
874 2635 987 2680 rerum
1015 2604 1245 2684 tormarsaebib's
1261 2619 1382 2686 -urtdiss

439 2739 505 2804 Aut
540 2736 676 2802 facinora
711 2732 792 2824 quid
820 2733 956 2800 referam
977 2735 1153 2826 praecium,
1191 2761 1271 2828 qnae
1296 2742 1383 2806 torri·

360 2927 363 2936 ‚
436 2857 579 2946 marique
601 2877 660 2945 per
678 2878 771 2922 omne
795 2853 857 2921 hoe
887 2867 1050 2946 tempusa
1074 2860 1265 2924 nostratibus
1287 2880 1377 2926 eorn-

436 2977 526 3041 missa
560 2976 662 3042 sunt?
698 2975 862 3040 Heroirnm
895 2975 985 3040 nobis
1014 2975 1231 3067 planegentis
1254 2993 1377 3045 nostrae

430 3109 562 3159 aetatem
595 3093 782 3160 retulerunt.
835 3093 1004 3160 'Fateamur
1035 3097 1129 3181 igitur
1163 3117 1284 3164 neeesse
1307 3116 1375 3176 est,

432 3239 544 3282 novam
574 3231 724 3299 aetatem,
768 3217 833 3280 imo
864 3219 966 3280 vitam
991 3215 1150 3306 quandam
1180 3241 1293 3285 novem
1316 3221 1372 3285 in·

427 3359 559 3422 gressum
581 3357 643 3399 esse
665 3351 697 3400 et
717 3339 875 3401 renense
900 3337 1033 3428 patriam
1059 3355 1218 3405 nostram:
1243 3337 1277 3404 id
1300 3357 1375 3406 vero

425 3455 666 3548 reputantibus,
700 3453 788 3546 quod
820 3454 949 3521 tandem
974 3479 1035 3521 esse
1059 3458 1150 3522 nobis
1179 3459 1368 3529 incitamen-

428 3592 496 3640 tum
517 3573 558 3640 ad
576 3597 629 3640 res·
650 3577 718 3663 ejus
747 3597 821 3640 cum
844 3574 973 3639 interius
995 3573 1220 3667 explorandas,
1245 3593 1314 3642 tum
1333 3578 1369 3643 in

421 3693 525 3761 lucem
550 3691 772 3784 proferendam
809 3710 879 3760 tum
905 3691 1106 3760 celebrandas
1127 3711 1232 3779 recte,
1267 3698 1365 3784 majus

422 3815 640 3904 efficaciusque
661 3813 789 3904 potest?
820 3812 883 3880 Sed
920 3813 960 3879 ad
984 3799 1014 3880 te
1038 3813 1151 3898 rede0‚
1174 3817 1218 3880 ini
1249 3814 1306 3881 fili.

464 3924 510 4002 Ut
531 3932 748 4018 vidiminus,
770 3933 812 3999 ita
822 3949 895 3998 etto
914 3949 945 3998 et
955 3934 1065 4000 fratres
1084 3952 1116 4000 et
1137 3933 1364 4002 commilitones

417 4071 450 4121 et
470 4058 601 4143 juvenes
633 4075 777 4146 quosque
798 4055 1041 4140 generosissimos
1065 4053 1176 4140 decet,
1210 4071 1361 4123 curatam

417 4176 578 4264 patriaris
591 4173 657 4243 imo
684 4189 845 4260 renatam,
882 4175 1127 4266 quibuscunque
1147 4177 1274 4266 potestis
1301 4199 1357 4244 re-
