3454 5658
987 864 1031 930 tt
1083 888 1089 898 ’-

540 1063 620 1105 rens.
657 1040 817 1130 ²ls‚xquo
851 1037 957 1104 melius
991 1051 1187 1130 perpetraret
1219 1033 1358 1112 lacinias,
1392 1021 1484 1118 apud.

540 1161 731 1226 Nassavicam
767 1159 926 1225 cohortem
950 1181 1068 1223 nomeu
1092 1153 1269 1246 professus,
1305 1147 1339 1214 in
1374 1147 1484 1213 cestria

538 1281 734 1362 versabatur3
769 1278 823 1344 sed
852 1278 1002 1344 militibus
1024 1277 1103 1343 forte
1123 1289 1306 1365 suspectus,
1336 1272 1371 1335 in
1405 1292 1481 1334 oar-2

539 1422 641 1466 cerem
662 1397 823 1483 detrusus,
845 1415 906 1464 tres
928 1399 974 1462 'ibi
998 1394 1122 1462 dierum
1143 1390 1355 1460 hebdomades
1372 1406 1480 1456 tiens·

539 1522 609 1605 egit.
654 1522 742 1584 Tum
772 1518 888 1584 solutas
917 1515 957 1582 ad
984 1513 1161 1581 reddendas
1193 1511 1392 1580 consiliorum
1422 1532 1481 1572 ra-·

539 1638 656 1721 tiones,
689 1661 757 1703 rem
791 1653 826 1701 ut
857 1659 887 1700 se
919 1635 1075 1717 habebat,
1110 1631 1273 1699 confestim
1304 1629 1399 1692 fassus
1422 1639 1480 1690 est.

538 1755 641 1824 Aedes
660 1780 774 1847 prope
804 1757 890 1821 aubis
921 1751 1148 1820 Leovardianae
1173 1750 1288 1818 vallum
1312 1743 1478 1813 conduxe-

536 1893 604 1958 rat,
626 1900 643 1940 e
665 1877 781 1966 quibus
802 1889 1040 1966 peropportune
1071 1885 1320 1963 praetereuntem
1341 1862 1477 1932 Guiliel-
1550 1873 1553 1878 '

535 2018 625 2060 mum
646 1995 708 2060 telo
729 1992 941 2080 transfigeret:
975 1991 1133 2057 indicabat
1162 2012 1291 2081 quoque
1320 1984 1479 2066 canalem,

536 2137 601 2202 quo
631 2111 670 2178 ad
710 2114 822 2180 fossam
853 2113 1066 2178 suburbanam
1105 2125 1212 2175 tutum
1244 2132 1274 2172 se
1314 2109 1483 2173 erasmum

471 2244 480 2256 “
534 2245 694 2320 sperasset.
738 2232 849 2322 Capite
878 2228 1042 2294 damnatus
1063 2245 1110 2294 est
1131 2245 1168 2292 et.
1193 2225 1366 2292 dilaniatus.
1411 2225 1477 2290 Ubi

534 2369 609 2413 vero
629 2363 804 2414 extremum
823 2349 902 2412 vitae
921 2363 1046 2436 tempus
1067 2348 1222 2429 instabat,
1250 2345 1384 2438 supplex
1402 2343 1497 2410 ora?

534 2469 601 2550 tit,
636 2484 673 2532 ut
708 2468 832 2535 crimini
865 2468 1071 2534 Gubernator
1098 2468 1291 2551 ignosceret,
1320 2481 1390 2530 eta
1420 2488 1475 2528 re-

533 2585 626 2677 liquis
648 2583 773 2651 dnobus
796 2587 989 2673 conjuratis,
1011 2609 1148 2676 quorum
1179 2585 1255 2650 alter
1283 2587 1379 2676 ipsius
1407 2583 1475 2648 fra-

534 2721 602 2787 ter,
626 2719 754 2771 caveret.
799 2706 862 2770 Hos
894 2729 936 2769 ne
966 2704 1080 2769 frustra
1103 2708 1324 2795 conquireret,
1346 2704 1477 2787 faciem,

535 2826 674 2916 corporis
695 2823 840 2888 habitum
860 2839 1044 2914 ceteraque,
1067 2825 1181 2914 qaribaas
1210 2825 1250 2888 ab
1273 2823 1336 2888 aliis
1358 2823 1476 2888 distin-

532 2945 729 3030 guebantur,
751 2941 931 3028 designavit.
982 2945 1076 3008 Fama
1100 2946 1146 3008 rei
1170 2944 1378 3036 suppliciique
1400 2943 1475 3009 vul-

532 3064 622 3150 gata,
645 3061 794 3148 Verdugo
812 3061 982 3129 Guilielmo
998 3063 1235 3154 perhumaniter
1252 3087 1283 3128 se
1301 3065 1475 3145 excusavit,

531 3200 597 3248 tam
625 3199 713 3248 atrox
740 3181 839 3247 scelus
865 3184 924 3247 sibi
943 3182 1068 3273 piaculo
1085 3207 1148 3248 esse
1166 3185 1311 3270 jactans,
1333 3181 1476 3248 delirasse

532 3301 817 3383 Lauterbechium‚
862 3327 963 3392 quum
1003 3327 1035 3368 se
1078 3319 1236 3368 auctorem
1275 3301 1474 3388 significaret.

532 3422 725 3488 Probitatem
754 3445 841 3487 suam
873 3445 915 3486 ne
944 3439 1120 3511 suspectam
1153 3421 1287 3512 amplius
1323 3421 1474 3503 haberet,

531 3543 623 3608 sciret
639 3545 707 3629 jam
727 3539 853 3606 dudum
875 3543 936 3629 ipsi
961 3543 1149 3606 Licestrium
1180 3539 1304 3604 insidias
1331 3555 1473 3622 struere,

529 3657 631 3749 idque
663 3661 723 3724 sibi
755 3684 813 3750 per
848 3657 952 3724 lidum
976 3659 1136 3725 hominem
1157 3661 1337 3726 innotuisse.
1381 3661 1474 3724 Hanc

531 3778 715 3870 epistolam,
738 3800 835 3866 quum
866 3805 883 3842 a
914 3775 1022 3844 Jorlrio
1052 3778 1231 3844 mortalium
1261 3780 1473 3870 nequissimo,

532 3901 590 3990 qui
610 3899 797 3986 Principum
818 3898 1032 3963 Nassaviorum
1050 3899 1085 3962 in
1104 3896 1223 3983 Angloe
1245 3895 1346 3962 studia
1367 3897 1479 3972 fovere,

531 4015 699 4099 studebat,
733 4033 886 4082 exaratam
922 4018 1078 4102 conjecit,
1114 4019 1264 4082 Licestrio
1286 4016 1474 4084 Guilielmus

533 4137 715 4206 trudendam
743 4139 881 4221 curarit,
916 4138 978 4204 sive
1001 4161 1038 4203 eo
1062 4135 1209 4220 coasilio,
1241 4153 1278 4202 ut
1309 4153 1473 4206 exararet&
