3454 5658
692 873 734 936 ts

239 1035 425 1105 audirentur
452 1042 617 1132 querelae,
637 1044 755 1110 ueirum
778 1067 842 1111 uon
862 1067 943 1130 esse3
969 1069 1073 1136 neque
1096 1045 1181 1112 euim

182 1146 187 1154 ’
239 1155 373 1224 inveniri
406 1161 576 1253 imperium
611 1177 674 1228 tam
703 1165 784 1230 beue
816 1180 991 1250 uteretum,
1015 1179 1050 1232 ut
1071 1153 1182 1256 cipere

238 1293 383 1345 motuum
414 1296 445 1345 et
479 1279 693 1348 seditiosorum
726 1281 892 1350 hominum
920 1300 1006 1350 esset.
1061 1283 1182 1352 Audito

237 1395 309 1478 illo,
342 1415 437 1489 atque
457 1402 489 1466 in
512 1400 644 1468 eandem
663 1403 849 1468 senteutiam
880 1428 947 1470 rem
973 1403 1182 1471 referentibus

238 1515 435 1601 Ordinibus,
468 1517 507 1584 ael
541 1520 735 1588 turbulentus
767 1545 799 1588 sc
833 1525 985 1590 convertit
1007 1521 1181 1590 Rarrlesius.

237 1638 279 1703 lli
308 1639 416 1704 iterare
447 1654 478 1704 et
508 1641 542 1705 iu
569 1643 669 1727 majus
693 1639 856 1726 extollere,
893 1667 973 1734 quae
993 1643 1094 1734 questi
1111 1645 1181 1731 jam

238 1755 380 1838 lucrante
419 1760 580 1838 universe,
617 1759 702 1850 quali
735 1758 838 1828 indole
870 1777 901 1826 et
931 1759 1036 1828 studio
1058 1778 1178 1844 essent,

238 1899 303 1942 nou
346 1880 476 1944 obscure
516 1877 700 1964 siguificare.
771 1882 879 1969 Quare
916 1879 1019 1948 officio
1051 1879 1181 1948 functus

237 1993 417 2079 Bardesius,
460 2013 628 2088 postquam
671 2021 778 2066 otnucs
812 2000 847 2063 in
881 2015 1022 2064 mutarem
1051 2000 1181 2084 patiam

229 2113 338 2182 redire
356 2119 516 2203 jusserat,
535 2114 674 2182 discessit
696 2141 713 2182 e
736 2118 839 2182 Frisia.
866 2117 906 2184 (Ι)

282 2237 454 2322 Prolligatis
484 2235 698 2302 malivolorum
733 2235 916 2320 calumniis,
956 2261 1059 2327 quum
1093 2235 1179 2304 Gui-

237 2353 357 2420 lielmus
389 2369 493 2418 tutum
526 2356 585 2420 sibi
607 2356 646 2419 alt
669 2355 791 2442 injuriis
816 2353 1026 2444 periculisque
1057 2371 1181 2447 tempus

239 2473 304 2540 lore
336 2475 539 2558 existimaret,
573 2499 687 2564 ptuunt
710 2473 832 2553 abluit,
865 2475 946 2564 quin
967 2471 1100 2540 eandem
1125 2499 1180 2540 ea·

236 2593 426 2680 lumitatcm,
459 2617 538 2684 quae
559 2594 696 2658 triennio
717 2591 834 2660 abhinc
855 2591 989 2684 patrueli
1007 2589 1163 2660 acciderat

236 2714 365 2778 subiret.
431 2715 575 2804 Namque
620 2710 789 2798 Vertlugo,
837 2735 911 2778 eum
942 2709 1082 2798 frangere
1114 2713 1168 2800 eju

238 2835 316 2900 vires
340 2847 448 2924 aperte
472 2831 553 2900 bello
578 2857 640 2900 nou
668 2849 797 2924 posset,
816 2829 998 2924 videretque
1021 2831 1080 2896 nisi
1097 2831 1178 2898 sult-

236 2950 299 3020 lato
328 2976 392 3018 uno
413 2951 465 3017 illo
485 2949 653 3017 succedere
676 2975 724 3016 res
745 2974 813 3016 suas
838 2975 903 3016 non
926 2973 1038 3042 posse,
1066 2948 1179 3018 sceles-

238 3075 385 3140 tissimam
408 3070 540 3139 necandi
565 3072 645 3136 viam
668 3072 838 3162 quaesivit:
863 3095 976 3163 parum
989 3095 1122 3152 curans,
1139 3096 1180 3136 au

240 3191 441 3257 humanitatis
463 3191 569 3258 ciliciis
598 3215 772 3276 congruum
803 3190 967 3258 consilium
997 3188 1157 3256 videretur

240 3310 334 3378 modo
357 3309 493 3403 placeret
515 3309 693 3390 Parmensi,
713 3309 837 3398 sibique
856 3306 895 3373 ad
916 3308 1042 3394 gloriam
1059 3305 1181 3376 aditum

239 3447 373 3526 pararet.
429 3431 574 3522 Suscepit
607 3451 675 3494 rem
708 3450 813 3492 mense
850 3425 988 3518 Quintili
1019 3425 1181 3498 Michaelis

243 3551 487 3620 Lauterbeclrius
522 3545 672 3643 quitiam,
711 3549 907 3632 Germanus,
953 3545 1178 3615 foederateetun

240 3675 380 3765 pertibus
409 3687 495 3736 antea
526 3667 689 3750 addictus,
724 3666 779 3734 sed
805 3693 878 3736 cum
902 3657 1119 3768 Reuneliergio
1140 3667 1180 3734 ad

241 3793 350 3878 Regius
384 3789 556 3884 profugus,
591 3805 621 3854 et
656 3785 838 3876 Verdugoni
868 3787 929 3856 hoc
958 3803 1098 3880 tempore
1119 3815 1179 3882 pe-

278 4079 318 4144 (tl
340 4077 435 4146 ttyt.
468 4076 484 4127 Ι.
505 4075 559 4131 Vl·
589 4091 779 4144 p·toaeeqq.
826 4076 898 4136 Ber,
929 4075 947 4125 t.
967 4073 1066 4127 xtttt.
1092 4075 1179 4140 ΜΞ.

243 4167 344 4234 iloelt,
364 4167 384 4220 l.
405 4164 496 4219 XXV.
517 4179 545 4236 p.
559 4167 607 4238 ²37
626 4185 702 4236 seqq.
740 4161 911 4234 Wegeuaer,
931 4163 949 4218 l.
964 4163 1065 4218 XXX·
1079 4183 1106 4233 p·
1121 4180 1183 4216 ata.
