3454 5658
1042 875 1092 946 12‘

594 1073 682 1142 tum,
705 1055 904 1137 continebat,
927 1055 969 1118 ita
991 1070 1027 1118 ut
1049 1051 1257 1118 molestissime
1280 1049 1416 1132 iement,
1439 1073 1524 1116 non·

593 1175 693 1251 nullos
714 1177 810 1268 rupti
830 1171 895 1238 fide
915 1170 954 1236 ad
972 1173 1088 1264 patriae
1107 1170 1208 1237 hostes
1227 1167 1401 1235 desciscere.
1445 1167 1525 1233 Nam

593 1292 724 1362 foederis
754 1292 854 1375 illius,
899 1288 985 1382 quod
1026 1288 1285 1356 Arausionensem
1322 1287 1527 1379 praecipuum

594 1428 752 1479 auctorem
779 1411 907 1494 habuit,
940 1408 1016 1475 ha'ec
1045 1424 1109 1473 erat
1133 1408 1229 1490 ratio,
1261 1422 1297 1470 ut
1315 1407 1425 1472 arctius
1443 1429 1525 1472 con-

590 1534 799 1618 jungerentur
827 1545 947 1622 septem
966 1527 1121 1594 Banvicm
1142 1526 1280 1610 regiones
1301 1515 1528 1590 ad'arc'endam

594 1650 795 1742 Hispanioam
816 1649 897 1733 vim3
931 1662 1081 1736 acuteque
1102 1642 1220 1711 viderat
1240 1644 1408 1732 Princeps,
1432 1665 1528 1730 quam

594 1770 798 1836 necessaium
830 1765 887 1832 nte
919 1764 1087 1831 vinculum
1115 1779 1209 1845 esset,
1243 1777 1411 1854 postquam
1446 1759 1529 1849 pacis

596 1885 809 1982 Gandavensis
843 1885 922 1972 leges
958 1883 1071 1970 negligi
1105 1879 1293 1974 coeperant3
1340 1877 1427 1972 quod
1471 1903 1529 1963 en,

596 2028 677 2097 qaue
694 2021 797 2071 secuta
821 2021 895 2070 sunt
915 2021 1074 2095 tempora,
1097 1999 1321 2067 evidentissime
1344 2001 1528 2091 probarunt.

597 2121 700 2206 Ergo,
724 2137 879 2212 quantum
899 2136 1039 2210 poterat,
1062 2145 1079 2184 a
1102 2120 1274 2186 Parmensis
1285 2115 1402 2185 insidiis
1413 2141 1531 2184 servare

597 2236 752 2328 populum
774 2229 939 2320 studebat3
963 2238 1038 2301 etsi
1062 2261 1123 2326 qua
1142 2253 1230 2326 parte
1248 2236 1397 2303 inclinare
1414 2235 1529 2303 volun-

598 2371 674 2421 tates
705 2352 745 2418 ad
776 2357 870 2439 regias
900 2352 1019 2420 videret
1042 2353 1256 2438 conditiones,
1277 2357 1311 2422 in
1335 2372 1473 2448 tempore
1495 2357 1531 2420 iis

599 2473 721 2542 obviam
750 2474 845 2554 venit.
902 2475 968 2540 Nec
991 2489 1094 2538 tamen
1116 2475 1261 2542 omuibus
1282 2472 1358 2540 dolis
1381 2499 1528 2565 praever-

598 2589 701 2658 tendis
721 2591 914 2674 sufficiebat,
938 2594 995 2683 qui
1015 2616 1087 2666 non,
1102 2594 1141 2660 ab
1163 2609 1292 2659 externo
1307 2592 1532 2675 solum'hoste,

599 2709 763 2777 sedetiam
784 2737 802 2777 a
824 2713 939 2778 civium
956 2735 1103 2806 suorum,
1134 2713 1266 2778 maxime
1289 2735 1456 2804 procerum
1475 2713 1529 2776 inu

599 2826 681 2905 ¹vidia
712 2845 892 2921 peteretur3
928 2851 1064 2921 quorum
1090 2831 1317 2922 suspicionibus
1341 2855 1381 2896 ne
1405 2833 1529 2922 impru-

600 2947 711 3015 denter
741 2951 887 3033 serviret,
919 2965 1005 3015 metu
1041 2951 1212 3016 tenebatur.
1269 2952 1412 3041 Namque
1442 2967 1531 3015 erant

599 3066 769 3160 permulti,
792 3069 848 3162 qui
867 3067 1099 3134 affectareseum
1119 3068 1330 3160 principatum
1345 3083 1532 3147 statuerent,

599 3213 733 3282 eamque
763 3189 804 3255 ob
841 3212 909 3256 rem
943 3187 1111 3256 Matthiam
1143 3189 1338 3278 Imperatoris
1371 3181 1531 3278 Rudolphi

600 3285 727 3374 iratreui
761 3305 801 3374 ad
836 3309 1092 3398 gubernationem
1125 3308 1303 3374 evenissent.
1346 3309 1440 3374 Hunc
1461 3331 1534 3372 vero

600 3423 740 3518 parendo
770 3449 866 3515 quam
890 3419 1083 3519 imperando
1111 3427 1281 3516 aptiorem,
1302 3450 1340 3493 eo
1360 3450 1432 3494 mox
1455 3450 1530 3517 per-

601 3539 692 3608 suxn
710 3543 964 3628 samonensis,
987 3561 1024 3614 ut
1045 3546 1103 3615 att
1124 3544 1317 3636 permitteret
1335 3517 1533 3637 raptatae

600 3661 826 3747 gubernacula,
854 3666 926 3756 ipse
961 3666 1026 3731 otio
1052 3680 1265 3734 marcesceret
1315 3665 1433 3731 Iocis-oo
1453 3662 1533 3729 dum

588 3781 712 3846 iterum
738 3781 868 3847 civitatis
890 3781 978 3850 saluti
1001 3782 1153 3853 efficacius
1176 3784 1319 3864 vacabat,
1353 3785 1533 3866 eveniebat,

600 3913 638 3964 ut
657 3896 768 3964 sedatis
791 3895 953 3964 discordiis
976 3899 1137 3984 civilibus,
1161 3898 1285 3968 dissidia
1306 3899 1348 3968 de
1366 3901 1531 3989 religione,

600 4012 995 4118 aliquamdiusupptossa‚
1017 4022 1246 4085 nncitarentur.
1292 4021 1452 4106 Originem
1475 4043 1529 4085 ce-

600 4150 712 4230 perant
724 4186 734 4220 ,
766 4131 843 4226 squo
879 4152 1017 4230 tempore
1050 4137 1260 4208 Atrebatensis
1292 4121 1466 4231 Episcopus
1496 4137 1530 4206 in
