3408 5664
285 1317 701 1408 GUILIELMI
745 1319 1113 1410 LUDOVlCl

443 1633 660 1682 russelun
706 1631 754 1682 Er
800 1631 946 1684 alonte.

267 2163 513 2268 inenarranda
537 2193 697 2265 Guilielmi
722 2193 876 2266 Luduvici
901 2196 961 2262 vita
982 2193 1168 2284 singularem

221 2311 281 2385 riri
309 2314 512 2410 prudentiam
547 2318 706 2408 animique
740 2312 991 2404 magnitudinem
1025 2311 1171 2382 admirari

217 2433 359 2526 jurabat.
404 2438 630 2506 Verumtamen
663 2452 699 2502 ut
730 2459 787 2502 suo
808 2435 899 2502 uobis
920 2435 1023 2526 pretio
1042 2435 1171 2502 ninutas

221 2560 291 2648 ejus
311 2558 491 2650 ingeniique
513 2555 617 2625 laudes
646 2555 839 2638 habeantur,
876 2557 993 2622 acriore
1028 2553 1167 2646 quodam
1193 2610 1196 2618 .

218 2675 343 2766 judicio
360 2701 439 2770 opus
467 2694 523 2746 est.
569 2673 787 2770 Exprimenda
815 2677 905 2742 nohis
934 2692 967 2740 et
998 2674 1082 2742 velut
1114 2701 1167 2742 re-

14 2761 19 2836 l
221 2795 451 2892 praesentanda
484 2797 580 2864 animi
616 2797 684 2884 ejus
707 2796 829 2882 imago,
876 2811 912 2861 ut
942 2792 1169 2864 evidentissime

222 2933 348 3010 pateat,
371 2917 496 3008 qualem
514 2940 546 2983 se
565 2914 651 2983 domi
673 2915 884 3008 militiaeque,
920 2917 954 2981 in
980 2918 1075 2984 rebus
1101 2944 1166 3008 pu-

225 3033 314 3106 blicis
349 3037 561 3130 privatisque,
594 3038 686 3102 inre
712 3033 879 3104 domestica
912 3038 1029 3130 pariter
1063 3053 1094 3102 et
1119 3037 1168 3103 sa-

223 3156 336 3224 miliari
369 3156 576 3248 praestiterit,
622 3153 769 3246 qsridque
810 3179 929 3222 caussae
968 3155 1008 3220 sit
1044 3155 1168 3224 haben-

223 3259 325 3362 dum,
358 3292 395 3342 ut
417 3274 498 3342 illius
528 3275 610 3340 inter
640 3274 846 3342 nobilissimos
871 3275 1011 3366 aequales
1036 3277 1170 3344 nominis

190 3393 305 3498 s‘fama
327 3419 393 3464 non
415 3395 546 3462 obseura
563 3394 709 3483 jacuerit.

217 3593 221 3602 Ι
269 3513 363 3583 Haud
388 3512 551 3582 mediocris
572 3515 688 3601 ingenii
710 3515 814 3582 virum
838 3513 1042 3584 Guilielmum
1066 3541 1171 3610 neque

224 3661 264 3704 ex
276 3633 393 3723 vulgari
415 3634 581 3702 hominum
604 3657 716 3720 genere
735 3632 903 3718 summm,
922 3636 990 3723 jam
1004 3652 1071 3703 tum
1084 3635 1170 3705 divi-

225 3777 304 3824 nare
332 3753 422 3824 nobis
444 3753 554 3836 licuit,
579 3779 681 3846 ([ιιιιιιι
707 3751 857 3820 traditum
879 3755 913 3820 in
938 3751 1171 3828 Arausionensis
1258 3823 1265 3838 ,

224 3873 447 3969 disciplinam,
481 3873 556 3942 huic
586 3875 694 3950 eximie
725 3897 756 3940 se
788 3871 1019 3942 commendasse
1042 3893 1073 3943 et
1097 3879 1170 3970 pla-

227 3997 325 4064 cuisse
357 3993 534 4062 dicebamus
560 3995 612 4066 (ἱ).
659 3994 729 4061 Tali
762 3995 846 4061 enim
867 3993 998 4082 judice,
1032 4001 1171 4088 quiscat

266 4219 307 4286 (ι)
328 4215 415 4284 Supra
433 4233 460 4284 p.
479 4214 520 4270 15.
