<?xml version="1.0" encoding="UTF-8"?>
<!DOCTYPE html PUBLIC "-//W3C//DTD XHTML 1.0 Transitional//EN"
    "http://www.w3.org/TR/xhtml1/DTD/xhtml1-transitional.dtd">
<html xmlns="http://www.w3.org/1999/xhtml" xml:lang="en" lang="en">
 <head>
  <title>
</title>
<meta http-equiv="Content-Type" content="text/html;charset=utf-8" />
  <meta name='ocr-system' content='tesseract 3.04.00' />
  <meta name='ocr-capabilities' content='ocr_page ocr_carea ocr_par ocr_line ocrx_word'/>
</head>
<body>
  <div class='ocr_page' id='page_1' title='image "./diatribeinguili00heusgoog_0147.png"; bbox 0 0 3408 5664; ppageno 0'>
   <div class='ocr_carea' id='block_1_1' title="bbox 738 835 794 904">
    <p class='ocr_par' dir='ltr' id='par_1_1' title="bbox 738 835 794 904">
     <span class='ocr_line' id='line_1_1' title="bbox 738 835 794 904; baseline 0 0"><span class='ocrx_word' id='word_1_1' title='bbox 738 835 794 904; x_wconf 78' lang='lat' dir='ltr'><strong>lus</strong></span> 
     </span>
    </p>
   </div>
   <div class='ocr_carea' id='block_1_2' title="bbox 338 998 1272 1103">
    <p class='ocr_par' dir='ltr' id='par_1_2' title="bbox 338 998 1272 1103">
     <span class='ocr_line' id='line_1_2' title="bbox 338 998 1272 1103; baseline -0.011 -21"><span class='ocrx_word' id='word_1_2' title='bbox 338 1005 387 1082; x_wconf 75' lang='lat' dir='ltr'><strong>Ex</strong></span> <span class='ocrx_word' id='word_1_3' title='bbox 413 1013 502 1102; x_wconf 86' lang='lat' dir='ltr'><strong>Regis</strong></span> <span class='ocrx_word' id='word_1_4' title='bbox 525 1012 689 1102; x_wconf 82' lang='lat' dir='ltr'>Hispaniae</span> <span class='ocrx_word' id='word_1_5' title='bbox 713 1011 869 1078; x_wconf 89' lang='lat' dir='ltr'><strong>voluntate</strong></span> <span class='ocrx_word' id='word_1_6' title='bbox 890 1010 1017 1103; x_wconf 86' lang='lat' dir='ltr'><strong>Spinola</strong></span> <span class='ocrx_word' id='word_1_7' title='bbox 1039 998 1164 1077; x_wconf 79' lang='lat' dir='ltr'><strong>alteram</strong></span> <span class='ocrx_word' id='word_1_8' title='bbox 1197 1003 1229 1073; x_wconf 92' lang='lat' dir='ltr'><strong>in</strong></span> <span class='ocrx_word' id='word_1_9' title='bbox 1263 1060 1272 1081; x_wconf 83' lang='lat'><strong>.</strong></span> 
     </span>
    </p>
   </div>
   <div class='ocr_carea' id='block_1_3' title="bbox 252 1127 1298 4209">
    <p class='ocr_par' dir='ltr' id='par_1_3' title="bbox 252 1127 1298 4209">
     <span class='ocr_line' id='line_1_3' title="bbox 291 1127 1230 1224; baseline -0.005 -26"><span class='ocrx_word' id='word_1_10' title='bbox 291 1133 420 1200; x_wconf 75' lang='lat' dir='ltr'><strong>Frisium</strong></span> <span class='ocrx_word' id='word_1_11' title='bbox 442 1127 673 1224; x_wconf 86' lang='lat' dir='ltr'><strong>expeditionem</strong></span> <span class='ocrx_word' id='word_1_12' title='bbox 694 1133 839 1223; x_wconf 75' lang='lat' dir='ltr'><strong>suscepit.</strong></span> <span class='ocrx_word' id='word_1_13' title='bbox 895 1131 1048 1222; x_wconf 86' lang='lat' dir='ltr'><strong>Bipartito</strong></span> <span class='ocrx_word' id='word_1_14' title='bbox 1069 1131 1154 1216; x_wconf 90' lang='lat' dir='ltr'><strong>signa</strong></span> <span class='ocrx_word' id='word_1_15' title='bbox 1176 1130 1230 1195; x_wconf 81' lang='lat' dir='ltr'><strong>iu-</strong></span> 
     </span>
     <span class='ocr_line' id='line_1_4' title="bbox 293 1247 1230 1335; baseline -0.003 -21"><span class='ocrx_word' id='word_1_16' title='bbox 293 1249 373 1316; x_wconf 82' lang='lat' dir='ltr'><strong>lerre</strong></span> <span class='ocrx_word' id='word_1_17' title='bbox 397 1251 519 1316; x_wconf 84' lang='lat' dir='ltr'><strong>Batavis</strong></span> <span class='ocrx_word' id='word_1_18' title='bbox 540 1264 697 1332; x_wconf 88' lang='lat' dir='ltr'><strong>statuens,</strong></span> <span class='ocrx_word' id='word_1_19' title='bbox 731 1249 887 1335; x_wconf 87' lang='lat' dir='ltr'><strong>Bucojum</strong></span> <span class='ocrx_word' id='word_1_20' title='bbox 907 1249 942 1314; x_wconf 90' lang='lat' dir='ltr'><strong>in</strong></span> <span class='ocrx_word' id='word_1_21' title='bbox 962 1247 1100 1316; x_wconf 88' lang='lat' dir='ltr'><strong>Gelriam</strong></span> <span class='ocrx_word' id='word_1_22' title='bbox 1129 1248 1230 1330; x_wconf 82' lang='lat' dir='ltr'><strong>misit,</strong></span> 
     </span>
     <span class='ocr_line' id='line_1_5' title="bbox 292 1366 1228 1462; baseline -0.005 -28"><span class='ocrx_word' id='word_1_23' title='bbox 292 1371 358 1462; x_wconf 89' lang='lat' dir='ltr'><strong>ipsc</strong></span> <span class='ocrx_word' id='word_1_24' title='bbox 382 1393 439 1460; x_wconf 91' lang='lat' dir='ltr'><strong>per</strong></span> <span class='ocrx_word' id='word_1_25' title='bbox 463 1370 720 1435; x_wconf 89' lang='lat' dir='ltr'><strong>Monastericnses</strong></span> <span class='ocrx_word' id='word_1_26' title='bbox 745 1390 849 1432; x_wconf 87' lang='lat' dir='ltr'><strong>mense</strong></span> <span class='ocrx_word' id='word_1_27' title='bbox 871 1366 1009 1456; x_wconf 85' lang='lat' dir='ltr'><strong>Quintili</strong></span> <span class='ocrx_word' id='word_1_28' title='bbox 1031 1368 1148 1434; x_wconf 84' lang='lat' dir='ltr'><strong>Goram</strong></span> <span class='ocrx_word' id='word_1_29' title='bbox 1168 1387 1228 1456; x_wconf 91' lang='lat' dir='ltr'><strong>pe·</strong></span> 
     </span>
     <span class='ocr_line' id='line_1_6' title="bbox 258 1475 1229 1579; baseline -0.005 -25"><span class='ocrx_word' id='word_1_30' title='bbox 258 1475 265 1488; x_wconf 73' lang='lat'><strong>.</strong></span> <span class='ocrx_word' id='word_1_31' title='bbox 291 1489 369 1556; x_wconf 85' lang='lat' dir='ltr'><strong>tivit.</strong></span> <span class='ocrx_word' id='word_1_32' title='bbox 420 1490 546 1556; x_wconf 83' lang='lat' dir='ltr'><strong>Fecerat</strong></span> <span class='ocrx_word' id='word_1_33' title='bbox 566 1489 635 1575; x_wconf 87' lang='lat' dir='ltr'><strong>jam</strong></span> <span class='ocrx_word' id='word_1_34' title='bbox 658 1485 806 1552; x_wconf 73' lang='lat' dir='ltr'><strong>immensa</strong></span> <span class='ocrx_word' id='word_1_35' title='bbox 830 1485 990 1579; x_wconf 86' lang='lat' dir='ltr'><strong>impendia</strong></span> <span class='ocrx_word' id='word_1_36' title='bbox 1016 1483 1229 1578; x_wconf 88' lang='lat' dir='ltr'><strong>expeditioni,</strong></span> 
     </span>
     <span class='ocr_line' id='line_1_7' title="bbox 291 1603 1225 1697; baseline -0.009 -21"><span class='ocrx_word' id='word_1_37' title='bbox 291 1633 394 1697; x_wconf 84' lang='lat' dir='ltr'><strong>quum</strong></span> <span class='ocrx_word' id='word_1_38' title='bbox 413 1609 495 1675; x_wconf 88' lang='lat' dir='ltr'><strong>invia</strong></span> <span class='ocrx_word' id='word_1_39' title='bbox 512 1607 666 1674; x_wconf 82' lang='lat' dir='ltr'><strong>imbribus</strong></span> <span class='ocrx_word' id='word_1_40' title='bbox 688 1605 754 1674; x_wconf 89' lang='lat' dir='ltr'><strong>loca</strong></span> <span class='ocrx_word' id='word_1_41' title='bbox 776 1621 807 1671; x_wconf 87' lang='lat' dir='ltr'><strong>et</strong></span> <span class='ocrx_word' id='word_1_42' title='bbox 824 1607 936 1672; x_wconf 92' lang='lat' dir='ltr'><strong>itinera</strong></span> <span class='ocrx_word' id='word_1_43' title='bbox 960 1603 1045 1672; x_wconf 89' lang='lat' dir='ltr'><strong>haud</strong></span> <span class='ocrx_word' id='word_1_44' title='bbox 1066 1606 1132 1670; x_wconf 87' lang='lat' dir='ltr'><strong>sine</strong></span> <span class='ocrx_word' id='word_1_45' title='bbox 1155 1617 1225 1669; x_wconf 85' lang='lat' dir='ltr'><strong>stu-</strong></span> 
     </span>
     <span class='ocr_line' id='line_1_8' title="bbox 289 1723 1227 1818; baseline -0.004 -26"><span class='ocrx_word' id='word_1_46' title='bbox 289 1749 367 1816; x_wconf 85' lang='lat' dir='ltr'><strong>pore</strong></span> <span class='ocrx_word' id='word_1_47' title='bbox 390 1742 421 1791; x_wconf 90' lang='lat' dir='ltr'><strong>ct</strong></span> <span class='ocrx_word' id='word_1_48' title='bbox 442 1723 602 1792; x_wconf 79' lang='lat' dir='ltr'><strong>stomacho</strong></span> <span class='ocrx_word' id='word_1_49' title='bbox 624 1725 822 1818; x_wconf 86' lang='lat' dir='ltr'><strong>comperiret.</strong></span> <span class='ocrx_word' id='word_1_50' title='bbox 878 1726 988 1814; x_wconf 84' lang='lat' dir='ltr'><strong>ltaque</strong></span> <span class='ocrx_word' id='word_1_51' title='bbox 1021 1725 1085 1791; x_wconf 92' lang='lat' dir='ltr'><strong>otio</strong></span> <span class='ocrx_word' id='word_1_52' title='bbox 1117 1723 1227 1790; x_wconf 86' lang='lat' dir='ltr'><strong>inlen-</strong></span> 
     </span>
     <span class='ocr_line' id='line_1_9' title="bbox 286 1840 1245 1936; baseline -0.005 -26"><span class='ocrx_word' id='word_1_53' title='bbox 286 1869 359 1930; x_wconf 85' lang='lat' dir='ltr'><strong>sus,</strong></span> <span class='ocrx_word' id='word_1_54' title='bbox 392 1847 502 1913; x_wconf 89' lang='lat' dir='ltr'><strong>omisso</strong></span> <span class='ocrx_word' id='word_1_55' title='bbox 535 1845 715 1936; x_wconf 91' lang='lat' dir='ltr'><strong>proposito,</strong></span> <span class='ocrx_word' id='word_1_56' title='bbox 752 1841 803 1908; x_wconf 90' lang='lat' dir='ltr'><strong>die</strong></span> <span class='ocrx_word' id='word_1_57' title='bbox 844 1847 880 1912; x_wconf 83' lang='lat'><strong>13</strong></span> <span class='ocrx_word' id='word_1_58' title='bbox 917 1842 1068 1932; x_wconf 87' lang='lat' dir='ltr'><strong>Quintilis</strong></span> <span class='ocrx_word' id='word_1_59' title='bbox 1101 1840 1245 1909; x_wconf 78' lang='lat' dir='ltr'><strong>Locha-¹</strong></span> 
     </span>
     <span class='ocr_line' id='line_1_10' title="bbox 287 1963 1227 2056; baseline -0.007 -26"><span class='ocrx_word' id='word_1_60' title='bbox 287 1991 394 2046; x_wconf 77' lang='lat' dir='ltr'><strong>annun,</strong></span> <span class='ocrx_word' id='word_1_61' title='bbox 428 1963 515 2056; x_wconf 83' lang='lat' dir='ltr'><strong>qnod</strong></span> <span class='ocrx_word' id='word_1_62' title='bbox 544 1990 560 2030; x_wconf 89' lang='lat' dir='ltr'><strong>a</strong></span> <span class='ocrx_word' id='word_1_63' title='bbox 592 1965 737 2052; x_wconf 82' lang='lat' dir='ltr'><strong>trecentis</strong></span> <span class='ocrx_word' id='word_1_64' title='bbox 765 1963 950 2044; x_wconf 86' lang='lat' dir='ltr'><strong>tenebatur,</strong></span> <span class='ocrx_word' id='word_1_65' title='bbox 986 1975 1162 2053; x_wconf 88' lang='lat' dir='ltr'><strong>expugnat,</strong></span> <span class='ocrx_word' id='word_1_66' title='bbox 1194 1975 1227 2024; x_wconf 89' lang='lat' dir='ltr'><strong>et</strong></span> 
     </span>
     <span class='ocr_line' id='line_1_11' title="bbox 287 2055 1229 2172; baseline -0.011 -20"><span class='ocrx_word' id='word_1_67' title='bbox 287 2055 401 2152; x_wconf 81' lang='lat' dir='ltr'><strong>munit.</strong></span> <span class='ocrx_word' id='word_1_68' title='bbox 438 2088 525 2150; x_wconf 83' lang='lat' dir='ltr'><strong>&#39;l&#39;unu</strong></span> <span class='ocrx_word' id='word_1_69' title='bbox 547 2082 699 2152; x_wconf 89' lang='lat' dir='ltr'><strong>Snollanis</strong></span> <span class='ocrx_word' id='word_1_70' title='bbox 727 2097 758 2146; x_wconf 90' lang='lat' dir='ltr'><strong>ct</strong></span> <span class='ocrx_word' id='word_1_71' title='bbox 779 2081 1007 2172; x_wconf 87' lang='lat' dir='ltr'><strong>Carnpcnsibns</strong></span> <span class='ocrx_word' id='word_1_72' title='bbox 1028 2079 1229 2170; x_wconf 72' lang='lat' dir='ltr'><strong>supervenire</strong></span> 
     </span>
     <span class='ocr_line' id='line_1_12' title="bbox 289 2195 1226 2296; baseline -0.007 -27"><span class='ocrx_word' id='word_1_73' title='bbox 289 2205 438 2295; x_wconf 86' lang='lat' dir='ltr'><strong>cupiens,</strong></span> <span class='ocrx_word' id='word_1_74' title='bbox 470 2203 653 2296; x_wconf 86' lang='lat' dir='ltr'><strong>reprimitur</strong></span> <span class='ocrx_word' id='word_1_75' title='bbox 681 2200 806 2284; x_wconf 88' lang='lat' dir='ltr'><strong>subito,</strong></span> <span class='ocrx_word' id='word_1_76' title='bbox 838 2216 871 2265; x_wconf 90' lang='lat' dir='ltr'><strong>et</strong></span> <span class='ocrx_word' id='word_1_77' title='bbox 894 2198 1035 2268; x_wconf 88' lang='lat' dir='ltr'><strong>Grollam</strong></span> <span class='ocrx_word' id='word_1_78' title='bbox 1065 2195 1226 2276; x_wconf 86' lang='lat' dir='ltr'><strong>obsidione</strong></span> 
     </span>
     <span class='ocr_line' id='line_1_13' title="bbox 287 2315 1225 2414; baseline -0.007 -26"><span class='ocrx_word' id='word_1_79' title='bbox 287 2324 383 2410; x_wconf 83' lang='lat' dir='ltr'><strong>angit.</strong></span> <span class='ocrx_word' id='word_1_80' title='bbox 406 2321 556 2390; x_wconf 90' lang='lat' dir='ltr'><strong>Deductis</strong></span> <span class='ocrx_word' id='word_1_81' title='bbox 578 2343 714 2414; x_wconf 89' lang='lat' dir='ltr'><strong>propere</strong></span> <span class='ocrx_word' id='word_1_82' title='bbox 736 2345 774 2386; x_wconf 88' lang='lat' dir='ltr'><strong>ex</strong></span> <span class='ocrx_word' id='word_1_83' title='bbox 783 2318 909 2413; x_wconf 89' lang='lat' dir='ltr'><strong>oppidis</strong></span> <span class='ocrx_word' id='word_1_84' title='bbox 920 2317 1078 2411; x_wconf 87' lang='lat' dir='ltr'><strong>praesidiis</strong></span> <span class='ocrx_word' id='word_1_85' title='bbox 1091 2315 1225 2386; x_wconf 88' lang='lat' dir='ltr'><strong>Guiliel-</strong></span> 
     </span>
     <span class='ocr_line' id='line_1_14' title="bbox 288 2437 1225 2524; baseline -0.003 -18"><span class='ocrx_word' id='word_1_86' title='bbox 288 2465 376 2508; x_wconf 90' lang='lat' dir='ltr'><strong>mum</strong></span> <span class='ocrx_word' id='word_1_87' title='bbox 396 2443 560 2508; x_wconf 86' lang='lat' dir='ltr'><strong>Mauritius</strong></span> <span class='ocrx_word' id='word_1_88' title='bbox 593 2441 740 2524; x_wconf 79' lang='lat' dir='ltr'><strong>arcessit,</strong></span> <span class='ocrx_word' id='word_1_89' title='bbox 769 2437 944 2506; x_wconf 90' lang='lat' dir='ltr'><strong>muniendo</strong></span> <span class='ocrx_word' id='word_1_90' title='bbox 977 2437 1133 2506; x_wconf 87' lang='lat' dir='ltr'><strong>Covordio</strong></span> <span class='ocrx_word' id='word_1_91' title='bbox 1166 2461 1225 2504; x_wconf 91' lang='lat' dir='ltr'><strong>oc-</strong></span> 
     </span>
     <span class='ocr_line' id='line_1_15' title="bbox 289 2556 1228 2653; baseline -0.009 -23"><span class='ocrx_word' id='word_1_92' title='bbox 289 2577 448 2653; x_wconf 83' lang='lat' dir='ltr'><strong>cupatunn.</strong></span> <span class='ocrx_word' id='word_1_93' title='bbox 516 2558 579 2628; x_wconf 84' lang='lat' dir='ltr'><strong>Sed</strong></span> <span class='ocrx_word' id='word_1_94' title='bbox 614 2576 686 2627; x_wconf 89' lang='lat' dir='ltr'><strong>ante</strong></span> <span class='ocrx_word' id='word_1_95' title='bbox 721 2585 818 2650; x_wconf 86' lang='lat' dir='ltr'><strong>quam</strong></span> <span class='ocrx_word' id='word_1_96' title='bbox 850 2583 1030 2628; x_wconf 83' lang='lat' dir='ltr'><strong>succurrere</strong></span> <span class='ocrx_word' id='word_1_97' title='bbox 1073 2556 1228 2625; x_wconf 88' lang='lat' dir='ltr'><strong>Grollanis</strong></span> 
     </span>
     <span class='ocr_line' id='line_1_16' title="bbox 287 2677 1229 2772; baseline -0.006 -24"><span class='ocrx_word' id='word_1_98' title='bbox 287 2696 433 2772; x_wconf 82' lang='lat' dir='ltr'><strong>possent,</strong></span> <span class='ocrx_word' id='word_1_99' title='bbox 457 2697 654 2770; x_wconf 90' lang='lat' dir='ltr'><strong>praematuro</strong></span> <span class='ocrx_word' id='word_1_100' title='bbox 678 2679 806 2748; x_wconf 90' lang='lat' dir='ltr'><strong>consilio</strong></span> <span class='ocrx_word' id='word_1_101' title='bbox 827 2677 1017 2772; x_wconf 87' lang='lat' dir='ltr'><strong>praesidium</strong></span> <span class='ocrx_word' id='word_1_102' title='bbox 1043 2701 1116 2746; x_wconf 88' lang='lat' dir='ltr'><strong>cum</strong></span> <span class='ocrx_word' id='word_1_103' title='bbox 1141 2678 1229 2744; x_wconf 91' lang='lat' dir='ltr'><strong>hoste</strong></span> 
     </span>
     <span class='ocr_line' id='line_1_17' title="bbox 289 2797 1226 2887; baseline 0.002 -23"><span class='ocrx_word' id='word_1_104' title='bbox 289 2815 484 2887; x_wconf 80' lang='lat' dir='ltr'><strong>transegerat.</strong></span> <span class='ocrx_word' id='word_1_105' title='bbox 529 2799 659 2866; x_wconf 81' lang='lat' dir='ltr'><strong>Moleste</strong></span> <span class='ocrx_word' id='word_1_106' title='bbox 676 2797 709 2867; x_wconf 90' lang='lat' dir='ltr'><strong>id</strong></span> <span class='ocrx_word' id='word_1_107' title='bbox 728 2799 771 2866; x_wconf 94' lang='lat' dir='ltr'><strong>illi</strong></span> <span class='ocrx_word' id='word_1_108' title='bbox 791 2797 909 2885; x_wconf 82' lang='lat' dir='ltr'><strong>tulere,</strong></span> <span class='ocrx_word' id='word_1_109' title='bbox 932 2798 987 2866; x_wconf 91' lang='lat' dir='ltr'><strong>sed</strong></span> <span class='ocrx_word' id='word_1_110' title='bbox 1000 2823 1040 2866; x_wconf 90' lang='lat' dir='ltr'><strong>ne</strong></span> <span class='ocrx_word' id='word_1_111' title='bbox 1057 2823 1136 2867; x_wconf 86' lang='lat' dir='ltr'><strong>vano</strong></span> <span class='ocrx_word' id='word_1_112' title='bbox 1156 2821 1226 2866; x_wconf 88' lang='lat' dir='ltr'><strong>suos</strong></span> 
     </span>
     <span class='ocr_line' id='line_1_18' title="bbox 288 2919 1223 3014; baseline 0.003 -30"><span class='ocrx_word' id='word_1_113' title='bbox 288 2935 375 2984; x_wconf 91' lang='lat' dir='ltr'><strong>metu</strong></span> <span class='ocrx_word' id='word_1_114' title='bbox 401 2919 581 3003; x_wconf 85' lang='lat' dir='ltr'><strong>afficerent,</strong></span> <span class='ocrx_word' id='word_1_115' title='bbox 602 2921 688 2988; x_wconf 91' lang='lat' dir='ltr'><strong>novis</strong></span> <span class='ocrx_word' id='word_1_116' title='bbox 710 2937 905 3014; x_wconf 84' lang='lat' dir='ltr'><strong>reparaturos</strong></span> <span class='ocrx_word' id='word_1_117' title='bbox 926 2945 958 2987; x_wconf 90' lang='lat' dir='ltr'><strong>se</strong></span> <span class='ocrx_word' id='word_1_118' title='bbox 982 2923 1098 3014; x_wconf 90' lang='lat' dir='ltr'><strong>coeptis</strong></span> <span class='ocrx_word' id='word_1_119' title='bbox 1119 2919 1223 2988; x_wconf 87' lang='lat' dir='ltr'><strong>sortu-</strong></span> 
     </span>
     <span class='ocr_line' id='line_1_19' title="bbox 287 3037 1226 3134; baseline 0.005 -32"><span class='ocrx_word' id='word_1_120' title='bbox 287 3062 359 3106; x_wconf 83' lang='lat' dir='ltr'><strong>naun</strong></span> <span class='ocrx_word' id='word_1_121' title='bbox 371 3038 566 3107; x_wconf 86' lang='lat' dir='ltr'><strong>simularunt.</strong></span> <span class='ocrx_word' id='word_1_122' title='bbox 590 3037 719 3132; x_wconf 88' lang='lat' dir='ltr'><strong>Spinola</strong></span> <span class='ocrx_word' id='word_1_123' title='bbox 742 3063 815 3107; x_wconf 88' lang='lat' dir='ltr'><strong>vero</strong></span> <span class='ocrx_word' id='word_1_124' title='bbox 837 3040 881 3107; x_wconf 90' lang='lat' dir='ltr'><strong>nil</strong></span> <span class='ocrx_word' id='word_1_125' title='bbox 903 3041 947 3107; x_wconf 90' lang='lat' dir='ltr'><strong>ibi</strong></span> <span class='ocrx_word' id='word_1_126' title='bbox 963 3039 1096 3134; x_wconf 84' lang='lat' dir='ltr'><strong>amplius</strong></span> <span class='ocrx_word' id='word_1_127' title='bbox 1117 3039 1226 3107; x_wconf 88' lang='lat' dir='ltr'><strong>hostile</strong></span> 
     </span>
     <span class='ocr_line' id='line_1_20' title="bbox 288 3159 1223 3250; baseline 0.005 -27"><span class='ocrx_word' id='word_1_128' title='bbox 288 3159 430 3249; x_wconf 77' lang='lat' dir='ltr'><strong>peregit,</strong></span> <span class='ocrx_word' id='word_1_129' title='bbox 453 3175 484 3224; x_wconf 91' lang='lat' dir='ltr'><strong>et</strong></span> <span class='ocrx_word' id='word_1_130' title='bbox 505 3161 607 3226; x_wconf 84' lang='lat' dir='ltr'><strong>abesse</strong></span> <span class='ocrx_word' id='word_1_131' title='bbox 629 3185 645 3225; x_wconf 88' lang='lat' dir='ltr'><strong>a</strong></span> <span class='ocrx_word' id='word_1_132' title='bbox 664 3159 758 3224; x_wconf 87' lang='lat' dir='ltr'><strong>Frisin</strong></span> <span class='ocrx_word' id='word_1_133' title='bbox 768 3161 890 3247; x_wconf 86' lang='lat' dir='ltr'><strong>jussus,</strong></span> <span class='ocrx_word' id='word_1_134' title='bbox 915 3185 987 3226; x_wconf 86' lang='lat' dir='ltr'><strong>curn</strong></span> <span class='ocrx_word' id='word_1_135' title='bbox 1005 3162 1125 3246; x_wconf 82' lang='lat' dir='ltr'><strong>Rucojo</strong></span> <span class='ocrx_word' id='word_1_136' title='bbox 1145 3181 1223 3250; x_wconf 87' lang='lat' dir='ltr'><strong>pro-</strong></span> 
     </span>
     <span class='ocr_line' id='line_1_21' title="bbox 286 3275 1225 3364; baseline 0.001 -21"><span class='ocrx_word' id='word_1_137' title='bbox 286 3277 385 3346; x_wconf 83' lang='lat' dir='ltr'><strong>iectus</strong></span> <span class='ocrx_word' id='word_1_138' title='bbox 397 3325 407 3364; x_wconf 88' lang='lat'><strong>,</strong></span> <span class='ocrx_word' id='word_1_139' title='bbox 421 3279 519 3344; x_wconf 85' lang='lat' dir='ltr'><strong>cinxit</strong></span> <span class='ocrx_word' id='word_1_140' title='bbox 541 3275 661 3344; x_wconf 90' lang='lat' dir='ltr'><strong>obsidio</strong></span> <span class='ocrx_word' id='word_1_141' title='bbox 673 3278 935 3360; x_wconf 85' lang='lat' dir='ltr'><strong>Rhenobercam‚</strong></span> <span class='ocrx_word' id='word_1_142' title='bbox 961 3280 1010 3344; x_wconf 94' lang='lat' dir='ltr'><strong>cui</strong></span> <span class='ocrx_word' id='word_1_143' title='bbox 1032 3301 1069 3343; x_wconf 88' lang='lat' dir='ltr'><strong>ex</strong></span> <span class='ocrx_word' id='word_1_144' title='bbox 1085 3279 1225 3346; x_wconf 86' lang='lat' dir='ltr'><strong>Mauritii</strong></span> 
     </span>
     <span class='ocr_line' id='line_1_22' title="bbox 285 3393 1298 3490; baseline 0 -26"><span class='ocrx_word' id='word_1_145' title='bbox 285 3396 386 3464; x_wconf 79' lang='lat' dir='ltr'><strong>fratris</strong></span> <span class='ocrx_word' id='word_1_146' title='bbox 400 3394 547 3463; x_wconf 85' lang='lat' dir='ltr'><strong>mandato</strong></span> <span class='ocrx_word' id='word_1_147' title='bbox 559 3421 632 3463; x_wconf 83' lang='lat' dir='ltr'><strong>curn</strong></span> <span class='ocrx_word' id='word_1_148' title='bbox 645 3393 883 3486; x_wconf 85' lang='lat' dir='ltr'><strong>quatuordecim</strong></span> <span class='ocrx_word' id='word_1_149' title='bbox 905 3397 1050 3462; x_wconf 79' lang='lat' dir='ltr'><strong>acuaturiis</strong></span> <span class='ocrx_word' id='word_1_150' title='bbox 1063 3414 1093 3464; x_wconf 87' lang='lat' dir='ltr'><strong>et</strong></span> <span class='ocrx_word' id='word_1_151' title='bbox 1105 3397 1223 3490; x_wconf 88' lang='lat' dir='ltr'><strong>aliquot</strong></span> <span class='ocrx_word' id='word_1_152' title='bbox 1293 3424 1298 3433; x_wconf 92' lang='lat'>·</span> 
     </span>
     <span class='ocr_line' id='line_1_23' title="bbox 286 3512 1222 3609; baseline 0 -26"><span class='ocrx_word' id='word_1_153' title='bbox 286 3518 396 3584; x_wconf 86' lang='lat' dir='ltr'><strong>turmis</strong></span> <span class='ocrx_word' id='word_1_154' title='bbox 421 3517 573 3584; x_wconf 87' lang='lat' dir='ltr'><strong>Henricus</strong></span> <span class='ocrx_word' id='word_1_155' title='bbox 586 3512 767 3582; x_wconf 90' lang='lat' dir='ltr'><strong>Fredericus</strong></span> <span class='ocrx_word' id='word_1_156' title='bbox 787 3517 1019 3585; x_wconf 85' lang='lat' dir='ltr'><strong>seimmiserat.</strong></span> <span class='ocrx_word' id='word_1_157' title='bbox 1061 3517 1131 3609; x_wconf 89' lang='lat' dir='ltr'><strong>Ipse</strong></span> <span class='ocrx_word' id='word_1_158' title='bbox 1151 3516 1222 3585; x_wconf 90' lang='lat' dir='ltr'><strong>belli</strong></span> 
     </span>
     <span class='ocr_line' id='line_1_24' title="bbox 286 3633 1221 3728; baseline 0.002 -26"><span class='ocrx_word' id='word_1_159' title='bbox 286 3635 352 3703; x_wconf 82' lang='lat' dir='ltr'><strong>ulux</strong></span> <span class='ocrx_word' id='word_1_160' title='bbox 383 3633 422 3702; x_wconf 90' lang='lat' dir='ltr'><strong>ad</strong></span> <span class='ocrx_word' id='word_1_161' title='bbox 442 3635 594 3705; x_wconf 89' lang='lat' dir='ltr'><strong>Vesaliam</strong></span> <span class='ocrx_word' id='word_1_162' title='bbox 612 3633 771 3720; x_wconf 87' lang='lat' dir='ltr'><strong>consedit,</strong></span> <span class='ocrx_word' id='word_1_163' title='bbox 795 3633 972 3702; x_wconf 88' lang='lat' dir='ltr'><strong>obsidentes</strong></span> <span class='ocrx_word' id='word_1_164' title='bbox 995 3635 1146 3728; x_wconf 85' lang='lat' dir='ltr'><strong>repellere</strong></span> <span class='ocrx_word' id='word_1_165' title='bbox 1181 3639 1221 3704; x_wconf 89' lang='lat' dir='ltr'><strong>ob</strong></span> 
     </span>
     <span class='ocr_line' id='line_1_25' title="bbox 286 3756 1219 3849; baseline 0.001 -26"><span class='ocrx_word' id='word_1_166' title='bbox 286 3758 445 3848; x_wconf 77' lang='lat' dir='ltr'><strong>copiatum</strong></span> <span class='ocrx_word' id='word_1_167' title='bbox 465 3756 653 3847; x_wconf 85' lang='lat' dir='ltr'><strong>paucitatem</strong></span> <span class='ocrx_word' id='word_1_168' title='bbox 677 3779 742 3823; x_wconf 89' lang='lat' dir='ltr'><strong>non</strong></span> <span class='ocrx_word' id='word_1_169' title='bbox 766 3780 864 3824; x_wconf 88' lang='lat' dir='ltr'><strong>ausus.</strong></span> <span class='ocrx_word' id='word_1_170' title='bbox 888 3757 1058 3846; x_wconf 86' lang='lat' dir='ltr'><strong>Postquam</strong></span> <span class='ocrx_word' id='word_1_171' title='bbox 1079 3757 1219 3849; x_wconf 90' lang='lat' dir='ltr'><strong>praecla-</strong></span> 
     </span>
     <span class='ocr_line' id='line_1_26' title="bbox 252 3874 1218 3968; baseline 0.005 -29"><span class='ocrx_word' id='word_1_172' title='bbox 252 3930 257 3939; x_wconf 93' lang='lat'><strong>.</strong></span> <span class='ocrx_word' id='word_1_173' title='bbox 285 3899 319 3940; x_wconf 87' lang='lat' dir='ltr'><strong>re</strong></span> <span class='ocrx_word' id='word_1_174' title='bbox 341 3876 493 3966; x_wconf 82' lang='lat' dir='ltr'><strong>utrinque</strong></span> <span class='ocrx_word' id='word_1_175' title='bbox 521 3895 567 3942; x_wconf 88' lang='lat' dir='ltr'><strong>res</strong></span> <span class='ocrx_word' id='word_1_176' title='bbox 600 3874 656 3942; x_wconf 83' lang='lat' dir='ltr'><strong>diu</strong></span> <span class='ocrx_word' id='word_1_177' title='bbox 689 3891 863 3958; x_wconf 83' lang='lat' dir='ltr'><strong>uetuerat,</strong></span> <span class='ocrx_word' id='word_1_178' title='bbox 897 3875 1105 3944; x_wconf 83' lang='lat' dir='ltr'><strong>honorificam</strong></span> <span class='ocrx_word' id='word_1_179' title='bbox 1126 3901 1218 3968; x_wconf 89' lang='lat' dir='ltr'><strong>prae-</strong></span> 
     </span>
     <span class='ocr_line' id='line_1_27' title="bbox 286 3992 1295 4090; baseline 0.004 -32"><span class='ocrx_word' id='word_1_180' title='bbox 286 3992 399 4060; x_wconf 89' lang='lat' dir='ltr'><strong>sidiarii</strong></span> <span class='ocrx_word' id='word_1_181' title='bbox 424 3992 615 4062; x_wconf 84' lang='lat' dir='ltr'><strong>deditionem</strong></span> <span class='ocrx_word' id='word_1_182' title='bbox 641 3993 690 4062; x_wconf 88' lang='lat' dir='ltr'><strong>die</strong></span> <span class='ocrx_word' id='word_1_183' title='bbox 714 3998 734 4063; x_wconf 85' lang='lat'>2</span> <span class='ocrx_word' id='word_1_184' title='bbox 756 3997 904 4063; x_wconf 90' lang='lat' dir='ltr'><strong>Octobris</strong></span> <span class='ocrx_word' id='word_1_185' title='bbox 926 3999 1124 4090; x_wconf 87' lang='lat' dir='ltr'><strong>pepigerunt.</strong></span> <span class='ocrx_word' id='word_1_186' title='bbox 1149 3999 1218 4064; x_wconf 90' lang='lat' dir='ltr'><strong>Cu·</strong></span> <span class='ocrx_word' id='word_1_187' title='bbox 1289 4072 1295 4085; x_wconf 35' lang='grc' dir='ltr'>Ι</span> 
     </span>
     <span class='ocr_line' id='line_1_28' title="bbox 281 4114 1216 4209; baseline 0.003 -29"><span class='ocrx_word' id='word_1_188' title='bbox 281 4116 333 4198; x_wconf 84' lang='lat' dir='ltr'><strong>jus</strong></span> <span class='ocrx_word' id='word_1_189' title='bbox 365 4116 424 4182; x_wconf 89' lang='lat' dir='ltr'><strong>sub</strong></span> <span class='ocrx_word' id='word_1_190' title='bbox 458 4114 568 4182; x_wconf 85' lang='lat' dir='ltr'><strong>mensis</strong></span> <span class='ocrx_word' id='word_1_191' title='bbox 599 4117 718 4186; x_wconf 82' lang='lat' dir='ltr'><strong>exitum</strong></span> <span class='ocrx_word' id='word_1_192' title='bbox 748 4133 968 4209; x_wconf 86' lang='lat' dir='ltr'><strong>recuperatum</strong></span> <span class='ocrx_word' id='word_1_193' title='bbox 999 4117 1216 4201; x_wconf 73' lang='lat' dir='ltr'><strong>Locluemurm3</strong></span> 
     </span>
    </p>
   </div>
   <div class='ocr_carea' id='block_1_4' title="bbox 0 0 1708 5664">
    <p class='ocr_par' dir='ltr' id='par_1_4' title="bbox 0 0 1708 5664">
     <span class='ocr_line' id='line_1_29' title="bbox 0 0 1708 5664; baseline 0 1"><span class='ocrx_word' id='word_1_194' title='bbox 0 0 1708 5664; x_wconf 95' lang='lat' dir='ltr'><strong> </strong></span> 
     </span>
    </p>
   </div>
  </div>
 </body>
</html>
