3454 5658
990 863 1031 932 te

539 1059 635 1130 quare
656 1031 808 1132 persuasit
828 1036 1014 1122 Nobilibus,
1037 1036 1181 1106 nendum
1197 1053 1332 1106 extrema
1343 1041 1477 1125 instare,

539 1181 643 1249 neque
661 1183 740 1250 opus
764 1156 870 1227 adhuc
891 1181 976 1242 csse,
999 1173 1035 1224 ut
1059 1156 1136 1224 salus
1157 1156 1286 1248 publica
1305 1157 1358 1226 tali
1375 1161 1479 1250 pretio
1504 1187 1509 1202 ·

539 1276 755 1344 redimeretur.

585 1399 669 1464 Haec
693 1395 823 1488 quidem
845 1395 1049 1481 Guiliclmus,
1071 1411 1107 1462 ut
1125 1398 1213 1464 omni
1228 1394 1325 1466 modo
1345 1399 1480 1488 provin-

496 1504 498 1512 '
540 1516 606 1582 ciac
634 1539 705 1582 suae
730 1515 902 1584 commodis
930 1517 1143 1606 prospiceret,
1171 1517 1289 1606 partim
1316 1514 1480 1603 diligenter

540 1651 668 1700 conatus
690 1652 756 1717 est,
780 1635 896 1726 partim
918 1631 1006 1699 haud
1022 1635 1089 1699 sine
1103 1631 1218 1700 *fructu
1237 1633 1350 1701 effecit.
1383 1635 1478 1700 Post-

539 1777 637 1843 quam
667 1769 771 1820 autem
808 1757 987 1820 Boxumana
1025 1750 1125 1818 clades
1160 1752 1330 1820 Frisiorum
1362 1754 1482 1820 animos

538 1885 625 1936 metu
642 1871 839 1962 perculerat,
860 1871 972 1962 mulier
993 1869 1364 1964 qtracdamcorrumpere
1378 1875 1478 1940 Lem-

538 1991 649 2055 mariac
677 1989 873 2080 praefectum
901 1989 1067 2057 militarem
1093 1991 1238 2084 praemiis
1265 1989 1409 2076 studuit,
1439 1989 1479 2058 ad

536 2107 641 2176 locum
658 2108 749 2175 illum
769 2107 972 2200 praesidiariis
984 2110 1257 2179 Stenovicensibus
1268 2109 1490 2202 prodendum

537 2228 699 2292 Continuo
716 2227 741 2292 is
764 2251 833 2293 rem
852 2253 925 2294 curn
945 2231 1145 2310 centurione,
1171 2229 1272 2296 Slotae
1286 2231 1480 2320 praeposito,

457 2351 461 2358 '
539 2346 803 2428 communicavit,
830 2362 866 2411 ut
893 2345 1024 2412 referret
1044 2369 1103 2437 per
1120 2345 1236 2412 litteras
1259 2349 1482 2416 Gubernatodt

539 2465 642 2551 Hujus
665 2463 715 2530 illc
733 2466 825 2551 jussu
846 2465 1038 2532 Lemmariae
1061 2464 1221 2556 praefecto
1240 2463 1417 2552 nuntiauit,
1446 2483 1483 2531 ut

538 2611 556 2648 a
578 2585 779 2673 corruptione
801 2607 867 2650 uon
888 2583 1025 2650 alienum
1045 2607 1078 2649 se
1105 2583 1280 2669 similaret,
1308 2601 1340 2650 ct
1368 2583 1481 2676 explo-

539 2717 622 2766 raret
645 2701 783 2792 reliquos
811 2702 956 2769 facinoris
983 2703 1162 2794 participes.
1206 2704 1360 2770 Centurio
1389 2725 1498 2787 vero,
1544 2741 1548 2749 ·

538 2817 661 2906 legendi
695 2818 917 2912 scribendique
949 2823 1024 2888 artis
1054 2819 1163 2905 rudis,
1198 2845 1271 2889 cum
1302 2820 1485 2889 scribendas

539 2937 579 3004 ad
599 2939 802 3007 Guilielmum
824 2939 959 3024 litteras,
992 2956 1062 3007 tum
1091 2939 1264 3008 recitandas
1293 2941 1371 3025 sibi,
1404 2965 1482 3031 quas

539 3061 579 3124 ab
601 3083 639 3125 eo
660 3074 841 3151 receperat,
864 3083 923 3150 per
943 3083 1072 3126 uxorem
1094 3077 1274 3146 curaverat,
1300 3083 1397 3152 quae,
1419 3075 1475 3125 ut-

495 3187 497 3192 '
538 3195 612 3273 pote
635 3179 768 3264 mulier,
790 3177 911 3246 silentio
932 3180 1056 3270 impar,
1079 3177 1159 3246 foras
1180 3194 1398 3266 argumentum
1422 3201 1480 3243 ex·-

541 3299 612 3364 tulit
622 3342 639 3384 ,·
651 3299 818 3390 effecitque
837 3315 875 3364 ut
898 3299 1009 3386 ignotis
1031 3300 1139 3366 ceteris
1160 3297 1346 3389 proditionis
1366 3313 1477 3364 aucto-
1490 3341 1497 3346 .,

539 3418 649 3500 ribus,
671 3419 707 3483 in
728 3417 823 3484 solam
844 3417 1008 3483 mulierem
1032 3419 1257 3508 corruptricem
1280 3413 1497 3483 animadver--

540 3553 667 3603 teretur.
721 3539 852 3602 interim
875 3535 1025 3622 Verdugo
1050 3532 1268 3603 Baudemontii
1298 3532 1480 3621 cujusdam,

541 3657 598 3744 qui
631 3682 648 3720 a
682 3653 912 3721 foederatorum
939 3657 1081 3748 partibus
1112 3652 1151 3719 ad
1180 3655 1275 3740 regias
1296 3654 1479 3738 transierat,-

540 3775 636 3865 opcra
662 3798 735 3839 usus
763 3791 809 3840 est
836 3772 877 3840 ad
899 3776 1083 3841 Batavorum
1107 3770 1216 3840 odium
1235 3773 1270 3838 in
1290 3770 1427 3838 Ordines
1449 3790 1481 3838 ct

541 3892 672 3961 domum
704 3895 876 3959 Nassaviam
904 3891 1127 3977 excitandum
1162 3891 1218 3982 qui
1252 3915 1324 3957 curu
1356 3891 1482 3976 iugenio

540 4014 693 4104 imprimis
716 4012 849 4095 valeret,
881 4012 1036 4080 conficere
1058 4008 1197 4078 libellum
1218 4009 1403 4076 acerbissimi
1423 4033 1477 4074 ar-

538 4135 678 4217 gumenti
693 4135 888 4220 jubebatis,
912 4136 944 4198 in
968 4156 1033 4222 quo
1055 4125 1241 4196 elaborando
1264 4128 1323 4194 hoc
1346 4129 1478 4194 maxime
