3408 5664
1004 931 1065 1005 tto

598 1101 682 1178 Haec
716 1123 885 1204 postquam
915 1113 950 1178 in
981 1111 1145 1179 Oulinum
1173 1135 1318 1180 coinessu
1348 1112 1503 1204 pnolixius

551 1219 623 1294 ideo
642 1229 762 1297 locutus
784 1248 868 1312 erat,
892 1230 980 1321 quod
1003 1234 1242 1316 vembotur,ne
1263 1257 1378 1324 purum
1392 1233 1502 1300 efficax

553 1350 648 1415 omtio
672 1347 712 1414 ad
738 1349 908 1417 movendos
942 1373 1052 1416 eorum
1085 1352 1202 1418 animm
1243 1367 1346 1434 esset,
1382 1352 1504 1442 quibus

560 1658 617 1706 Civ.
636 1655 667 1707 P.
689 1643 728 1708 ΙῙ.
750 1655 767 1703 Ι.
787 1655 827 1708 ΙΙ.
847 1655 922 1708 Sect.
941 1675 966 1708 2.
986 1674 1009 1707 c.
1028 1674 1053 1723 7.
1073 1672 1101 1720 p·
1119 1653 1179 1708 364.
1207 1653 1246 1705 sic
1264 1653 1391 1719 exponit:
1428 1653 1506 1705 Wil-

558 1745 665 1796 belmus
681 1745 841 1795 Ludoeicus
855 1753 957 1794 auctor
967 1751 1032 1799 erat
1043 1741 1128 1805 belli,
1149 1743 1224 1812 quod
1234 1741 1323 1792 adbuc
1332 1743 1506 1812 dipensirum

548 1835 672 1904 suerat,
692 1835 722 1884 in
742 1833 907 1901 offensirum
928 1833 1126 1894 convertendi,
1146 1829 1278 1902 finesque
1301 1830 1414 1898 imperii
1428 1847 1506 1899 pro·

545 1923 678 1993 ferendi:
703 1923 776 1994 quod
792 1925 945 1992 optimates
968 1923 1016 1972 diu
1036 1921 1159 1990 probare
1177 1936 1232 1970 non
1250 1928 1425 1988 potuerant,·
1450 1937 1506 1969 sa.

555 2011 613 2062 tius
631 2013 845 2074 existimantes,
874 2009 983 2062 munire
1003 2011 1193 2078 possessiones
1213 2025 1299 2070 suas,
1327 2009 1419 2059 levare
1446 2009 1510 2060 tri·

555 2097 633 2150 butis
650 2101 788 2169 populos,
819 2101 862 2151 rei
885 2100 1045 2151 maritimae
1065 2109 1094 2150 et
1114 2100 1290 2154 commerciis
1310 2115 1421 2165 operam
1450 2117 1507 2151 na-

555 2187 641 2253 ea're,
662 2205 748 2259 quam
764 2209 795 2242 se
813 2188 923 2242 casibus
940 2189 1008 2241 belli
1025 2206 1162 2257 exponere
1182 2191 1346 2250 accersitis,
1368 2198 1395 2240 et
1409 2188 1508 2240 canori

552 2279 631 2344 fines
656 2279 797 2331 immensis
813 2281 947 2350 proferre
974 2277 1152 2348 sumptibus,
1190 2296 1308 2348 querum
1329 2279 1506 2348 acquisitio,

556 2366 627 2419 licet
649 2363 820 2428 victoriosa,
843 2370 919 2418 lariti
938 2384 993 2418 non
1002 2367 1101 2438 soret,
1136 2375 1169 2416 ut
1188 2384 1218 2416 se
1236 2367 1328 2434 ipsam
1346 2366 1421 2416 tueri
1434 2381 1509 2433 pos-

551 2465 604 2506 set·
640 2457 701 2507 Nec
715 2456 839 2524 posteris
865 2455 977 2525 defuere
992 2453 1179 2523 temporibus,
1198 2455 1248 2524 qui
1258 2453 1506 2506 Hellandiaesol-

554 2551 609 2594 tem
636 2552 780 2612 respectu,
821 2545 982 2595 divinum
1004 2543 1056 2594 hoc
1083 2544 1231 2594 consilium
1260 2551 1413 2604 vocantes,
1448 2543 1510 2608 ejus

554 2633 739 2682 mutationem
760 2649 861 2702 magno
883 2632 1056 2702 redemptam
1083 2631 1257 2692 voluissent,
1289 2639 1429 2700 quatenus
1442 2631 1507 2696 jam

541 2719 689 2788 foederati
706 2719 743 2768 ad
763 2727 950 2788 conquaestus
979 2720 1156 2770 mercatoriis
1186 2719 1306 2787 populis
1336 2718 1458 2770 inutiles
1475 2729 1504 2770 et

553 2823 640 2856 onera
657 2805 895 2872 contributionum
917 2807 1054 2858 immania
1080 2825 1195 2877 vereque
1213 2805 1412 2868 intoleranda,
1443 2808 1505 2860 nisi

552 2893 717 2945 uoluntaria
741 2902 853 2955 essent,
879 2894 1026 2962 paulatim
1053 2897 1171 2947 adducti
1193 2903 1278 2966 atque
1299 2898 1343 2946 ita
1371 2897 1408 2947 iis
1434 2901 1502 2948 sunt

552 2981 705 3049 impliciti,
725 2990 758 3032 ut
779 2981 876 3033 nullus
896 3000 1013 3047 earum,
1033 2986 1090 3034 nisi
1107 2983 1137 3034 in
1156 2985 1256 3034 ultimo
1275 2985 1395 3034 interitu
1407 3019 1414 3046 ,
1426 2984 1503 3050 finis

553 3071 668 3138 sperari
684 3081 779 3141 queat.
814 3054 859 3122 Eo
876 3081 998 3141 tempore
1007 3073 1101 3143 facile
1119 3089 1148 3122 se
1166 3071 1317 3122 tuebantur
1338 3071 1426 3125 XVII
1442 3091 1503 3142 pe·

552 3159 641 3209 ditum
664 3168 693 3210 et
720 3159 813 3211 tribus
835 3162 962 3232 equitum
982 3160 1127 3222 millibus,
1165 3177 1182 3231 q
1246 3160 1357 3226 finibus
1370 3161 1502 3230 prolatis

553 3258 753 3318 consequenter
779 3252 881 3320 augeri
903 3251 1001 3320 potuit
1018 3259 1046 3302 et
1064 3260 1152 3302 aucta
1176 3179 1254 3347 byt-
1294 3252 1399 3320 Quodsi
1416 3251 1495 3302 Hol-

554 3338 667 3388 landiae
684 3341 806 3410 undique
822 3339 895 3390 mari
912 3348 941 3390 et
951 3339 1124 3407 fluminibus
1141 3340 1249 3390 ciserae
1265 3341 1378 3391 dorsum
1394 3349 1499 3392 terres·

554 3436 598 3476 tre
617 3427 689 3477 satis
709 3437 787 3477 arcte
803 3435 925 3497 patens,
945 3427 1079 3498 urbesque
1094 3427 1225 3497 singulas
1247 3427 1341 3478 valide
1358 3429 1498 3479 muniris-

554 3523 637 3575 sent,
667 3515 748 3585 longe
775 3519 883 3568 minore
904 3519 1140 3569 mercenariorum
1171 3535 1256 3568 mortu
1278 3519 1427 3568 securitati
1442 3536 1502 3587 po-

552 3604 640 3654 tuisse
662 3603 773 3656 consuli
793 3605 856 3670 jam
880 3615 940 3656 tum
956 3607 1109 3674 prudentes
1126 3605 1222 3676 aliqui
1239 3605 1498 3673 ratiocinabantur.

552 3690 688 3758 Abripuit
703 3693 779 3761 ipsos
796 3695 947 3762 optimates
964 3697 994 3744 in
1015 3695 1078 3744 alia
1099 3696 1194 3744 omnia
1219 3696 1454 3762 ardorblauritii
1470 3704 1500 3746 et

556 3779 739 3842 militarium',
758 3790 819 3832 tum
839 3785 949 3833 occasio
969 3783 1166 3852 pulcherrima
1187 3783 1369 3836 submovendi
1387 3785 1499 3854 Hispa-

552 3883 604 3915 nos
631 3867 750 3919 Gallicis
771 3870 941 3922 tumultibus
961 3873 1124 3941 implicitos.
1149 3896 1179 3910 ··
1198 3872 1269 3924 tutti
1290 3876 1381 3926 virum
1400 3875 1493 3935 doch,

554 3954 722 4019 optimatium
751 3958 909 4010 sententium
928 3961 1099 4022 laudantem,
1121 3969 1148 4012 et
1170 3962 1312 4014 Guilielnii
1334 3964 1452 4014 rationes
1469 3971 1498 4014 st

553 4061 641 4092 rerum
662 4046 750 4096 exitus
767 4045 845 4098 sicile
868 4047 1006 4101 evincunt.
1031 4050 1132 4101 Mirum
1157 4058 1265 4113 tomen,
1287 4051 1351 4104 hoec
1372 4059 1494 4103 statuen-

553 4141 622 4194 tem,
645 4132 850 4198 pulcherrimam
873 4139 955 4192 luisse
976 4140 1153 4192 submovendi
1174 4118 1309 4208 Hispano-s
1328 4143 1496 4194 occasionem

550 4225 731 4296 perhibuisse.
1061 4237 1063 4242 '
1290 4237 1385 4298 &M

1273 4381 1281 4404 ί
