<?xml version="1.0" encoding="UTF-8"?>
<!DOCTYPE html PUBLIC "-//W3C//DTD XHTML 1.0 Transitional//EN"
    "http://www.w3.org/TR/xhtml1/DTD/xhtml1-transitional.dtd">
<html xmlns="http://www.w3.org/1999/xhtml" xml:lang="en" lang="en">
 <head>
  <title>
</title>
<meta http-equiv="Content-Type" content="text/html;charset=utf-8" />
  <meta name='ocr-system' content='tesseract 3.04.00' />
  <meta name='ocr-capabilities' content='ocr_page ocr_carea ocr_par ocr_line ocrx_word'/>
</head>
<body>
  <div class='ocr_page' id='page_1' title='image "./diatribeinguili00heusgoog_0179.png"; bbox 0 0 3408 5664; ppageno 0'>
   <div class='ocr_carea' id='block_1_1' title="bbox 682 829 739 896">
    <p class='ocr_par' dir='ltr' id='par_1_1' title="bbox 682 829 739 896">
     <span class='ocr_line' id='line_1_1' title="bbox 682 829 739 896; baseline 0.035 -2"><span class='ocrx_word' id='word_1_1' title='bbox 682 829 739 896; x_wconf 78' lang='lat'><strong>159</strong></span> 
     </span>
    </p>
   </div>
   <div class='ocr_carea' id='block_1_2' title="bbox 219 999 1174 2162">
    <p class='ocr_par' dir='ltr' id='par_1_2' title="bbox 219 999 1174 2162">
     <span class='ocr_line' id='line_1_2' title="bbox 235 999 1173 1089; baseline -0.006 -17"><span class='ocrx_word' id='word_1_2' title='bbox 235 1009 303 1084; x_wconf 75' lang='lat' dir='ltr'><strong>lura</strong></span> <span class='ocrx_word' id='word_1_3' title='bbox 324 1004 452 1075; x_wconf 86' lang='lat' dir='ltr'><strong>evidens</strong></span> <span class='ocrx_word' id='word_1_4' title='bbox 484 1028 547 1072; x_wconf 90' lang='lat' dir='ltr'><strong>esse</strong></span> <span class='ocrx_word' id='word_1_5' title='bbox 578 1000 748 1086; x_wconf 90' lang='lat' dir='ltr'><strong>dicebant,</strong></span> <span class='ocrx_word' id='word_1_6' title='bbox 771 999 1070 1068; x_wconf 79' lang='lat' dir='ltr'><strong>administrationem</strong></span> <span class='ocrx_word' id='word_1_7' title='bbox 1098 1004 1173 1089; x_wconf 85' lang='lat' dir='ltr'><strong>jus·</strong></span> 
     </span>
     <span class='ocr_line' id='line_1_3' title="bbox 235 1124 1171 1217; baseline -0.002 -27"><span class='ocrx_word' id='word_1_8' title='bbox 235 1126 316 1198; x_wconf 83' lang='lat' dir='ltr'><strong>titiee</strong></span> <span class='ocrx_word' id='word_1_9' title='bbox 345 1124 507 1214; x_wconf 82' lang='lat' dir='ltr'><strong>juditibus</strong></span> <span class='ocrx_word' id='word_1_10' title='bbox 541 1139 738 1217; x_wconf 80' lang='lat' dir='ltr'><strong>competere,</strong></span> <span class='ocrx_word' id='word_1_11' title='bbox 761 1144 826 1188; x_wconf 89' lang='lat' dir='ltr'><strong>non</strong></span> <span class='ocrx_word' id='word_1_12' title='bbox 854 1124 928 1188; x_wconf 89' lang='lat' dir='ltr'><strong>item</strong></span> <span class='ocrx_word' id='word_1_13' title='bbox 953 1145 1059 1188; x_wconf 83' lang='lat' dir='ltr'><strong>rerum</strong></span> <span class='ocrx_word' id='word_1_14' title='bbox 1091 1125 1171 1188; x_wconf 85' lang='lat' dir='ltr'><strong>civi-</strong></span> 
     </span>
     <span class='ocr_line' id='line_1_4' title="bbox 232 1235 1174 1334; baseline -0.006 -22"><span class='ocrx_word' id='word_1_15' title='bbox 232 1235 310 1312; x_wconf 79' lang='lat' dir='ltr'><strong>lium</strong></span> <span class='ocrx_word' id='word_1_16' title='bbox 333 1270 450 1314; x_wconf 75' lang='lat' dir='ltr'><strong>curans.</strong></span> <span class='ocrx_word' id='word_1_17' title='bbox 494 1245 536 1312; x_wconf 91' lang='lat' dir='ltr'><strong>Hi</strong></span> <span class='ocrx_word' id='word_1_18' title='bbox 556 1267 629 1312; x_wconf 85' lang='lat' dir='ltr'><strong>vero</strong></span> <span class='ocrx_word' id='word_1_19' title='bbox 649 1242 929 1324; x_wconf 85' lang='lat' dir='ltr'><strong>demonstrabant,</strong></span> <span class='ocrx_word' id='word_1_20' title='bbox 962 1243 1023 1306; x_wconf 92' lang='lat' dir='ltr'><strong>suis</strong></span> <span class='ocrx_word' id='word_1_21' title='bbox 1049 1265 1174 1334; x_wconf 87' lang='lat' dir='ltr'><strong>semper</strong></span> 
     </span>
     <span class='ocr_line' id='line_1_5' title="bbox 233 1359 1174 1454; baseline -0.002 -24"><span class='ocrx_word' id='word_1_22' title='bbox 233 1380 322 1430; x_wconf 89' lang='lat' dir='ltr'><strong>autea</strong></span> <span class='ocrx_word' id='word_1_23' title='bbox 354 1363 488 1434; x_wconf 90' lang='lat' dir='ltr'><strong>consiliis</strong></span> <span class='ocrx_word' id='word_1_24' title='bbox 519 1365 553 1432; x_wconf 92' lang='lat' dir='ltr'><strong>in</strong></span> <span class='ocrx_word' id='word_1_25' title='bbox 577 1360 873 1450; x_wconf 67' lang='lat' dir='ltr'><strong>gubernandarum</strong></span> <span class='ocrx_word' id='word_1_26' title='bbox 896 1359 989 1426; x_wconf 84' lang='lat' dir='ltr'><strong>luisse</strong></span> <span class='ocrx_word' id='word_1_27' title='bbox 1013 1360 1174 1454; x_wconf 79' lang='lat' dir='ltr'><strong>republica</strong></span> 
     </span>
     <span class='ocr_line' id='line_1_6' title="bbox 234 1478 1170 1573; baseline 0.002 -27"><span class='ocrx_word' id='word_1_28' title='bbox 234 1484 615 1573; x_wconf 84' lang='lat' dir='ltr'><strong>Gube1·natores,neque</strong></span> <span class='ocrx_word' id='word_1_29' title='bbox 645 1479 823 1549; x_wconf 82' lang='lat' dir='ltr'><strong>adhibuisse</strong></span> <span class='ocrx_word' id='word_1_30' title='bbox 851 1478 1070 1566; x_wconf 80' lang='lat' dir='ltr'><strong>Delegatortun</strong></span> <span class='ocrx_word' id='word_1_31' title='bbox 1093 1505 1170 1548; x_wconf 86' lang='lat' dir='ltr'><strong>sen-</strong></span> 
     </span>
     <span class='ocr_line' id='line_1_7' title="bbox 219 1583 1171 1695; baseline 0 -27"><span class='ocrx_word' id='word_1_32' title='bbox 219 1583 437 1686; x_wconf 49' lang='lat' dir='ltr'><strong>‘manumisi</strong></span> <span class='ocrx_word' id='word_1_33' title='bbox 460 1604 485 1668; x_wconf 77' lang='lat' dir='ltr'><strong>si</strong></span> <span class='ocrx_word' id='word_1_34' title='bbox 508 1627 570 1694; x_wconf 71' lang='lat' dir='ltr'><strong>qu</strong></span> <span class='ocrx_word' id='word_1_35' title='bbox 592 1602 664 1668; x_wconf 74' lang='lat' dir='ltr'><strong>vitia</strong></span> <span class='ocrx_word' id='word_1_36' title='bbox 682 1602 888 1695; x_wconf 64' lang='lat' dir='ltr'><strong>saepsissent</strong></span> <span class='ocrx_word' id='word_1_37' title='bbox 930 1600 1095 1670; x_wconf 71' lang='lat' dir='ltr'><strong>sustuna</strong></span> <span class='ocrx_word' id='word_1_38' title='bbox 1120 1605 1171 1668; x_wconf 73' lang='lat' dir='ltr'><strong>u-</strong></span> 
     </span>
     <span class='ocr_line' id='line_1_8' title="bbox 231 1717 1170 1811; baseline 0.002 -27"><span class='ocrx_word' id='word_1_39' title='bbox 231 1718 358 1802; x_wconf 85' lang='lat' dir='ltr'><strong>vitates,</strong></span> <span class='ocrx_word' id='word_1_40' title='bbox 397 1717 486 1810; x_wconf 83' lang='lat' dir='ltr'><strong>quod</strong></span> <span class='ocrx_word' id='word_1_41' title='bbox 519 1719 712 1806; x_wconf 75' lang='lat' dir='ltr'><strong>nagistrum</strong></span> <span class='ocrx_word' id='word_1_42' title='bbox 747 1717 874 1786; x_wconf 89' lang='lat' dir='ltr'><strong>creandi</strong></span> <span class='ocrx_word' id='word_1_43' title='bbox 902 1722 955 1806; x_wconf 89' lang='lat' dir='ltr'><strong>jus</strong></span> <span class='ocrx_word' id='word_1_44' title='bbox 990 1741 1084 1811; x_wconf 84' lang='lat' dir='ltr'><strong>penes</strong></span> <span class='ocrx_word' id='word_1_45' title='bbox 1121 1742 1170 1798; x_wconf 85' lang='lat' dir='ltr'><strong>eos</strong></span> 
     </span>
     <span class='ocr_line' id='line_1_9' title="bbox 231 1837 1168 1924; baseline 0.004 -22"><span class='ocrx_word' id='word_1_46' title='bbox 231 1855 317 1922; x_wconf 85' lang='lat' dir='ltr'><strong>erat,</strong></span> <span class='ocrx_word' id='word_1_47' title='bbox 340 1838 478 1922; x_wconf 87' lang='lat' dir='ltr'><strong>nobiles,</strong></span> <span class='ocrx_word' id='word_1_48' title='bbox 491 1840 524 1904; x_wconf 88' lang='lat' dir='ltr'><strong>in</strong></span> <span class='ocrx_word' id='word_1_49' title='bbox 538 1841 615 1924; x_wconf 81' lang='lat' dir='ltr'><strong>agris</strong></span> <span class='ocrx_word' id='word_1_50' title='bbox 632 1838 826 1922; x_wconf 87' lang='lat' dir='ltr'><strong>habitantes,</strong></span> <span class='ocrx_word' id='word_1_51' title='bbox 839 1837 992 1924; x_wconf 83' lang='lat' dir='ltr'><strong>Delegatis</strong></span> <span class='ocrx_word' id='word_1_52' title='bbox 1014 1839 1168 1908; x_wconf 72' lang='lat' dir='ltr'><strong>livebant.</strong></span> 
     </span>
     <span class='ocr_line' id='line_1_10' title="bbox 230 1934 1172 2044; baseline -0.001 -19"><span class='ocrx_word' id='word_1_53' title='bbox 230 1960 391 2026; x_wconf 87' lang='lat' dir='ltr'><strong>Praeterea</strong></span> <span class='ocrx_word' id='word_1_54' title='bbox 420 1959 504 2024; x_wconf 90' lang='lat' dir='ltr'><strong>inter</strong></span> <span class='ocrx_word' id='word_1_55' title='bbox 526 1959 661 2024; x_wconf 88' lang='lat' dir='ltr'><strong>civitates</strong></span> <span class='ocrx_word' id='word_1_56' title='bbox 682 1973 714 2022; x_wconf 90' lang='lat' dir='ltr'><strong>et</strong></span> <span class='ocrx_word' id='word_1_57' title='bbox 733 1981 819 2042; x_wconf 86' lang='lat' dir='ltr'><strong>agros</strong></span> <span class='ocrx_word' id='word_1_58' title='bbox 851 1955 891 2021; x_wconf 92' lang='lat' dir='ltr'><strong>de</strong></span> <span class='ocrx_word' id='word_1_59' title='bbox 924 1957 1074 2044; x_wconf 83' lang='lat' dir='ltr'><strong>suiliagiis</strong></span> <span class='ocrx_word' id='word_1_60' title='bbox 1105 1934 1172 2026; x_wconf 79' lang='lat' dir='ltr'><strong>noia</strong></span> 
     </span>
     <span class='ocr_line' id='line_1_11' title="bbox 231 2075 1170 2162; baseline -0.004 -16"><span class='ocrx_word' id='word_1_61' title='bbox 231 2077 455 2147; x_wconf 81' lang='lat' dir='ltr'><strong>conveniebat:</strong></span> <span class='ocrx_word' id='word_1_62' title='bbox 489 2101 564 2144; x_wconf 89' lang='lat' dir='ltr'><strong>nam</strong></span> <span class='ocrx_word' id='word_1_63' title='bbox 584 2075 717 2144; x_wconf 70' lang='lat' dir='ltr'><strong>inducta</strong></span> <span class='ocrx_word' id='word_1_64' title='bbox 741 2077 920 2144; x_wconf 71' lang='lat' dir='ltr'><strong>nasot-mua</strong></span> <span class='ocrx_word' id='word_1_65' title='bbox 944 2075 1090 2162; x_wconf 81' lang='lat' dir='ltr'><strong>religione</strong></span> <span class='ocrx_word' id='word_1_66' title='bbox 1111 2101 1170 2142; x_wconf 83' lang='lat' dir='ltr'><strong>ex-</strong></span> 
     </span>
    </p>
   </div>
   <div class='ocr_carea' id='block_1_3' title="bbox 231 2193 1265 2264">
    <p class='ocr_par' dir='ltr' id='par_1_3' title="bbox 231 2193 1265 2264">
     <span class='ocr_line' id='line_1_12' title="bbox 231 2193 1265 2264; baseline -0.002 0"><span class='ocrx_word' id='word_1_67' title='bbox 231 2195 308 2264; x_wconf 84' lang='lat' dir='ltr'><strong>clusi</strong></span> <span class='ocrx_word' id='word_1_68' title='bbox 348 2195 554 2264; x_wconf 86' lang='lat' dir='ltr'><strong>Ecelesiastiei</strong></span> <span class='ocrx_word' id='word_1_69' title='bbox 585 2193 747 2264; x_wconf 84' lang='lat' dir='ltr'><strong>Ordinuua</strong></span> <span class='ocrx_word' id='word_1_70' title='bbox 785 2211 945 2264; x_wconf 87' lang='lat' dir='ltr'><strong>conventu</strong></span> <span class='ocrx_word' id='word_1_71' title='bbox 977 2213 1089 2264; x_wconf 81' lang='lat' dir='ltr'><strong>ernnts</strong></span> <span class='ocrx_word' id='word_1_72' title='bbox 1137 2198 1172 2263; x_wconf 91' lang='lat' dir='ltr'><strong>in</strong></span> <span class='ocrx_word' id='word_1_73' title='bbox 1258 2221 1265 2233; x_wconf 65' lang='lat'>⁸</span> 
     </span>
    </p>
   </div>
   <div class='ocr_carea' id='block_1_4' title="bbox 184 2313 1184 4086">
    <p class='ocr_par' dir='ltr' id='par_1_4' title="bbox 184 2313 1184 4086">
     <span class='ocr_line' id='line_1_13' title="bbox 184 2313 1170 2407; baseline 0.002 -25"><span class='ocrx_word' id='word_1_74' title='bbox 184 2339 188 2348; x_wconf 84' lang='grc'><strong>’</strong></span> <span class='ocrx_word' id='word_1_75' title='bbox 231 2314 466 2386; x_wconf 83' lang='lat' dir='ltr'><strong>carumlocum</strong></span> <span class='ocrx_word' id='word_1_76' title='bbox 489 2313 700 2385; x_wconf 85' lang='lat' dir='ltr'><strong>succedebant</strong></span> <span class='ocrx_word' id='word_1_77' title='bbox 728 2316 885 2399; x_wconf 86' lang='lat' dir='ltr'><strong>civitates,</strong></span> <span class='ocrx_word' id='word_1_78' title='bbox 920 2317 1058 2406; x_wconf 90' lang='lat' dir='ltr'><strong>quibus,</strong></span> <span class='ocrx_word' id='word_1_79' title='bbox 1084 2340 1170 2407; x_wconf 92' lang='lat' dir='ltr'><strong>quc-</strong></span> 
     </span>
     <span class='ocr_line' id='line_1_14' title="bbox 232 2433 1171 2528; baseline 0 -24"><span class='ocrx_word' id='word_1_80' title='bbox 232 2450 301 2504; x_wconf 87' lang='lat' dir='ltr'><strong>tum</strong></span> <span class='ocrx_word' id='word_1_81' title='bbox 324 2436 507 2524; x_wconf 83' lang='lat' dir='ltr'><strong>suffragium</strong></span> <span class='ocrx_word' id='word_1_82' title='bbox 529 2451 737 2528; x_wconf 89' lang='lat' dir='ltr'><strong>competeret,</strong></span> <span class='ocrx_word' id='word_1_83' title='bbox 757 2433 1000 2528; x_wconf 83' lang='lat' dir='ltr'><strong>disceptabatur.</strong></span> <span class='ocrx_word' id='word_1_84' title='bbox 1024 2437 1171 2504; x_wconf 88' lang='lat' dir='ltr'><strong>Tertium</strong></span> 
     </span>
     <span class='ocr_line' id='line_1_15' title="bbox 231 2555 1169 2648; baseline 0.004 -28"><span class='ocrx_word' id='word_1_85' title='bbox 231 2555 291 2622; x_wconf 91' lang='lat' dir='ltr'><strong>sibi</strong></span> <span class='ocrx_word' id='word_1_86' title='bbox 323 2557 407 2648; x_wconf 86' lang='lat' dir='ltr'><strong>ipsae</strong></span> <span class='ocrx_word' id='word_1_87' title='bbox 431 2557 636 2642; x_wconf 63' lang='lat' dir='ltr'><strong>ata-saganam</strong></span> <span class='ocrx_word' id='word_1_88' title='bbox 670 2556 817 2622; x_wconf 80' lang='lat' dir='ltr'><strong>aceteu‘s</strong></span> <span class='ocrx_word' id='word_1_89' title='bbox 838 2580 903 2623; x_wconf 91' lang='lat' dir='ltr'><strong>non</strong></span> <span class='ocrx_word' id='word_1_90' title='bbox 928 2555 1169 2624; x_wconf 84' lang='lat' dir='ltr'><strong>concedebatur.</strong></span> 
     </span>
     <span class='ocr_line' id='line_1_16' title="bbox 233 2672 1170 2764; baseline 0 -22"><span class='ocrx_word' id='word_1_91' title='bbox 233 2672 415 2743; x_wconf 86' lang='lat' dir='ltr'><strong>Accedebat</strong></span> <span class='ocrx_word' id='word_1_92' title='bbox 450 2673 489 2740; x_wconf 86' lang='lat' dir='ltr'><strong>ad</strong></span> <span class='ocrx_word' id='word_1_93' title='bbox 521 2675 752 2742; x_wconf 82' lang='lat' dir='ltr'><strong>inimicitiarum</strong></span> <span class='ocrx_word' id='word_1_94' title='bbox 782 2675 866 2759; x_wconf 89' lang='lat' dir='ltr'><strong>vim,</strong></span> <span class='ocrx_word' id='word_1_95' title='bbox 913 2673 1000 2764; x_wconf 87' lang='lat' dir='ltr'><strong>quod</strong></span> <span class='ocrx_word' id='word_1_96' title='bbox 1032 2674 1170 2743; x_wconf 88' lang='lat' dir='ltr'><strong>Ordines</strong></span> 
     </span>
     <span class='ocr_line' id='line_1_17' title="bbox 234 2791 1168 2886; baseline 0 -24"><span class='ocrx_word' id='word_1_97' title='bbox 234 2793 352 2885; x_wconf 80' lang='lat' dir='ltr'><strong>collegii</strong></span> <span class='ocrx_word' id='word_1_98' title='bbox 370 2795 419 2860; x_wconf 91' lang='lat' dir='ltr'><strong>sui</strong></span> <span class='ocrx_word' id='word_1_99' title='bbox 438 2791 564 2878; x_wconf 86' lang='lat' dir='ltr'><strong>sedem,</strong></span> <span class='ocrx_word' id='word_1_100' title='bbox 596 2818 677 2886; x_wconf 87' lang='lat' dir='ltr'><strong>quae</strong></span> <span class='ocrx_word' id='word_1_101' title='bbox 698 2792 867 2862; x_wconf 88' lang='lat' dir='ltr'><strong>Leovardia</strong></span> <span class='ocrx_word' id='word_1_102' title='bbox 895 2793 1013 2877; x_wconf 80' lang='lat' dir='ltr'><strong>iuerat,</strong></span> <span class='ocrx_word' id='word_1_103' title='bbox 1048 2798 1168 2862; x_wconf 81' lang='lat' dir='ltr'><strong>Fraus-</strong></span> 
     </span>
     <span class='ocr_line' id='line_1_18' title="bbox 233 2913 1170 3004; baseline -0.005 -19"><span class='ocrx_word' id='word_1_104' title='bbox 233 2937 364 3004; x_wconf 81' lang='lat' dir='ltr'><strong>querem</strong></span> <span class='ocrx_word' id='word_1_105' title='bbox 384 2914 612 2998; x_wconf 78' lang='lat' dir='ltr'><strong>transferrent,</strong></span> <span class='ocrx_word' id='word_1_106' title='bbox 633 2938 701 2982; x_wconf 90' lang='lat' dir='ltr'><strong>eam</strong></span> <span class='ocrx_word' id='word_1_107' title='bbox 723 2917 765 2982; x_wconf 92' lang='lat' dir='ltr'><strong>cb</strong></span> <span class='ocrx_word' id='word_1_108' title='bbox 793 2939 949 2998; x_wconf 86' lang='lat' dir='ltr'><strong>caussam,</strong></span> <span class='ocrx_word' id='word_1_109' title='bbox 973 2913 1061 3004; x_wconf 87' lang='lat' dir='ltr'><strong>quod</strong></span> <span class='ocrx_word' id='word_1_110' title='bbox 1086 2918 1170 2980; x_wconf 89' lang='lat' dir='ltr'><strong>Lec-</strong></span> 
     </span>
     <span class='ocr_line' id='line_1_19' title="bbox 232 3032 1168 3128; baseline -0.006 -24"><span class='ocrx_word' id='word_1_111' title='bbox 232 3033 339 3104; x_wconf 75' lang='lat' dir='ltr'><strong>tardia</strong></span> <span class='ocrx_word' id='word_1_112' title='bbox 366 3036 536 3128; x_wconf 80' lang='lat' dir='ltr'><strong>Supremas</strong></span> <span class='ocrx_word' id='word_1_113' title='bbox 566 3035 669 3102; x_wconf 89' lang='lat' dir='ltr'><strong>curiae</strong></span> <span class='ocrx_word' id='word_1_114' title='bbox 702 3033 808 3118; x_wconf 89' lang='lat' dir='ltr'><strong>sedes,</strong></span> <span class='ocrx_word' id='word_1_115' title='bbox 841 3035 938 3122; x_wconf 88' lang='lat' dir='ltr'><strong>hujus</strong></span> <span class='ocrx_word' id='word_1_116' title='bbox 966 3032 1075 3100; x_wconf 88' lang='lat' dir='ltr'><strong>studiis</strong></span> <span class='ocrx_word' id='word_1_117' title='bbox 1100 3057 1168 3098; x_wconf 90' lang='lat' dir='ltr'><strong>ser-</strong></span> 
     </span>
     <span class='ocr_line' id='line_1_20' title="bbox 233 3151 1170 3244; baseline 0 -22"><span class='ocrx_word' id='word_1_118' title='bbox 233 3155 344 3224; x_wconf 82' lang='lat' dir='ltr'><strong>viebat.</strong></span> <span class='ocrx_word' id='word_1_119' title='bbox 366 3156 429 3223; x_wconf 87' lang='lat' dir='ltr'><strong>Has</strong></span> <span class='ocrx_word' id='word_1_120' title='bbox 451 3153 648 3224; x_wconf 87' lang='lat' dir='ltr'><strong>difficultates</strong></span> <span class='ocrx_word' id='word_1_121' title='bbox 668 3154 793 3222; x_wconf 90' lang='lat' dir='ltr'><strong>sustulit</strong></span> <span class='ocrx_word' id='word_1_122' title='bbox 814 3151 1068 3238; x_wconf 82' lang='lat' dir='ltr'><strong>Arausionensis,</strong></span> <span class='ocrx_word' id='word_1_123' title='bbox 1092 3179 1170 3244; x_wconf 89' lang='lat' dir='ltr'><strong>pro-</strong></span> 
     </span>
     <span class='ocr_line' id='line_1_21' title="bbox 234 3272 1170 3366; baseline 0 -26"><span class='ocrx_word' id='word_1_124' title='bbox 234 3275 389 3343; x_wconf 86' lang='lat' dir='ltr'><strong>nuncians</strong></span> <span class='ocrx_word' id='word_1_125' title='bbox 419 3276 454 3340; x_wconf 89' lang='lat' dir='ltr'><strong>in</strong></span> <span class='ocrx_word' id='word_1_126' title='bbox 490 3273 679 3366; x_wconf 87' lang='lat' dir='ltr'><strong>diplomate,</strong></span> <span class='ocrx_word' id='word_1_127' title='bbox 724 3273 845 3365; x_wconf 81' lang='lat' dir='ltr'><strong>placere</strong></span> <span class='ocrx_word' id='word_1_128' title='bbox 874 3274 932 3340; x_wconf 91' lang='lat' dir='ltr'><strong>sibi</strong></span> <span class='ocrx_word' id='word_1_129' title='bbox 967 3272 1170 3340; x_wconf 82' lang='lat' dir='ltr'><strong>Guilielmaun</strong></span> 
     </span>
     <span class='ocr_line' id='line_1_22' title="bbox 235 3390 1170 3483; baseline -0.006 -23"><span class='ocrx_word' id='word_1_130' title='bbox 235 3391 435 3472; x_wconf 87' lang='lat' dir='ltr'><strong>Ludovicum</strong></span> <span class='ocrx_word' id='word_1_131' title='bbox 458 3413 507 3460; x_wconf 88' lang='lat' dir='ltr'><strong>res</strong></span> <span class='ocrx_word' id='word_1_132' title='bbox 532 3393 633 3464; x_wconf 76' lang='lat' dir='ltr'><strong>cuites</strong></span> <span class='ocrx_word' id='word_1_133' title='bbox 665 3410 697 3460; x_wconf 87' lang='lat' dir='ltr'><strong>et</strong></span> <span class='ocrx_word' id='word_1_134' title='bbox 729 3392 874 3462; x_wconf 75' lang='lat' dir='ltr'><strong>militares</strong></span> <span class='ocrx_word' id='word_1_135' title='bbox 901 3417 973 3483; x_wconf 80' lang='lat' dir='ltr'><strong>cum</strong></span> <span class='ocrx_word' id='word_1_136' title='bbox 1002 3390 1170 3478; x_wconf 79' lang='lat' dir='ltr'><strong>Delegatis,</strong></span> 
     </span>
     <span class='ocr_line' id='line_1_23' title="bbox 235 3508 1172 3600; baseline -0.002 -20"><span class='ocrx_word' id='word_1_137' title='bbox 235 3535 309 3587; x_wconf 79' lang='lat' dir='ltr'><strong>cunr</strong></span> <span class='ocrx_word' id='word_1_138' title='bbox 336 3508 498 3600; x_wconf 87' lang='lat' dir='ltr'><strong>judicibus</strong></span> <span class='ocrx_word' id='word_1_139' title='bbox 521 3513 676 3600; x_wconf 86' lang='lat' dir='ltr'><strong>justitium</strong></span> <span class='ocrx_word' id='word_1_140' title='bbox 708 3511 932 3580; x_wconf 75' lang='lat' dir='ltr'><strong>administrate.</strong></span> <span class='ocrx_word' id='word_1_141' title='bbox 999 3512 1052 3578; x_wconf 90' lang='lat' dir='ltr'><strong>Ille</strong></span> <span class='ocrx_word' id='word_1_142' title='bbox 1086 3511 1172 3580; x_wconf 91' lang='lat' dir='ltr'><strong>dieto</strong></span> 
     </span>
     <span class='ocr_line' id='line_1_24' title="bbox 236 3629 1170 3720; baseline 0.003 -23"><span class='ocrx_word' id='word_1_143' title='bbox 236 3632 379 3720; x_wconf 89' lang='lat' dir='ltr'><strong>Principi</strong></span> <span class='ocrx_word' id='word_1_144' title='bbox 396 3629 523 3696; x_wconf 89' lang='lat' dir='ltr'><strong>audiens</strong></span> <span class='ocrx_word' id='word_1_145' title='bbox 543 3656 625 3714; x_wconf 91' lang='lat' dir='ltr'><strong>esse,</strong></span> <span class='ocrx_word' id='word_1_146' title='bbox 649 3657 707 3699; x_wconf 91' lang='lat' dir='ltr'><strong>nee</strong></span> <span class='ocrx_word' id='word_1_147' title='bbox 729 3634 845 3699; x_wconf 89' lang='lat' dir='ltr'><strong>moveri</strong></span> <span class='ocrx_word' id='word_1_148' title='bbox 867 3633 1067 3702; x_wconf 80' lang='lat' dir='ltr'><strong>factiosorum</strong></span> <span class='ocrx_word' id='word_1_149' title='bbox 1088 3633 1170 3700; x_wconf 89' lang='lat' dir='ltr'><strong>adu-</strong></span> 
     </span>
     <span class='ocr_line' id='line_1_25' title="bbox 237 3750 1172 3837; baseline -0.001 -19"><span class='ocrx_word' id='word_1_150' title='bbox 237 3750 402 3818; x_wconf 90' lang='lat' dir='ltr'><strong>lationibus</strong></span> <span class='ocrx_word' id='word_1_151' title='bbox 434 3753 665 3820; x_wconf 89' lang='lat' dir='ltr'><strong>obsecrantium</strong></span> <span class='ocrx_word' id='word_1_152' title='bbox 692 3769 728 3818; x_wconf 89' lang='lat' dir='ltr'><strong>ut</strong></span> <span class='ocrx_word' id='word_1_153' title='bbox 753 3754 812 3818; x_wconf 89' lang='lat' dir='ltr'><strong>sibi</strong></span> <span class='ocrx_word' id='word_1_154' title='bbox 834 3752 972 3837; x_wconf 86' lang='lat' dir='ltr'><strong>faveret,</strong></span> <span class='ocrx_word' id='word_1_155' title='bbox 995 3750 1172 3820; x_wconf 76' lang='lat' dir='ltr'><strong>adversariis</strong></span> 
     </span>
     <span class='ocr_line' id='line_1_26' title="bbox 239 3869 1184 3964; baseline 0.002 -28"><span class='ocrx_word' id='word_1_156' title='bbox 239 3886 374 3936; x_wconf 84' lang='lat' dir='ltr'><strong>noceret.</strong></span> <span class='ocrx_word' id='word_1_157' title='bbox 399 3893 401 3898; x_wconf 86' lang='lat'>·</span> <span class='ocrx_word' id='word_1_158' title='bbox 431 3873 590 3939; x_wconf 88' lang='lat' dir='ltr'><strong>Universis</strong></span> <span class='ocrx_word' id='word_1_159' title='bbox 619 3871 704 3938; x_wconf 87' lang='lat' dir='ltr'><strong>idem</strong></span> <span class='ocrx_word' id='word_1_160' title='bbox 737 3869 948 3964; x_wconf 82' lang='lat' dir='ltr'><strong>respondere,</strong></span> <span class='ocrx_word' id='word_1_161' title='bbox 981 3872 1084 3940; x_wconf 79' lang='lat' dir='ltr'><strong>dolere</strong></span> <span class='ocrx_word' id='word_1_162' title='bbox 1116 3899 1148 3940; x_wconf 88' lang='lat' dir='ltr'><strong>se</strong></span> <span class='ocrx_word' id='word_1_163' title='bbox 1161 3914 1184 3956; x_wconf 64' lang='grc' dir='ltr'><strong>,ι-</strong></span> 
     </span>
     <span class='ocr_line' id='line_1_27' title="bbox 240 3990 1173 4086; baseline 0.003 -31"><span class='ocrx_word' id='word_1_164' title='bbox 240 3993 333 4058; x_wconf 84' lang='lat' dir='ltr'><strong>tantis</strong></span> <span class='ocrx_word' id='word_1_165' title='bbox 369 3990 530 4076; x_wconf 87' lang='lat' dir='ltr'><strong>discordiis</strong></span> <span class='ocrx_word' id='word_1_166' title='bbox 561 3995 753 4086; x_wconf 76' lang='lat' dir='ltr'><strong>provinciam</strong></span> <span class='ocrx_word' id='word_1_167' title='bbox 790 3992 966 4060; x_wconf 87' lang='lat' dir='ltr'><strong>dilacerari:</strong></span> <span class='ocrx_word' id='word_1_168' title='bbox 1013 3992 1051 4057; x_wconf 76' lang='lat' dir='ltr'><strong>atl</strong></span> <span class='ocrx_word' id='word_1_169' title='bbox 1087 4018 1173 4058; x_wconf 81' lang='lat' dir='ltr'><strong>suana</strong></span> 
     </span>
    </p>
   </div>
   <div class='ocr_carea' id='block_1_5' title="bbox 242 4099 1177 4206">
    <p class='ocr_par' dir='ltr' id='par_1_5' title="bbox 242 4099 1177 4206">
     <span class='ocr_line' id='line_1_28' title="bbox 242 4099 1177 4206; baseline 0.004 -30"><span class='ocrx_word' id='word_1_170' title='bbox 242 4110 386 4180; x_wconf 85' lang='lat' dir='ltr'><strong>noudtun</strong></span> <span class='ocrx_word' id='word_1_171' title='bbox 415 4113 555 4180; x_wconf 88' lang='lat' dir='ltr'><strong>notitiam</strong></span> <span class='ocrx_word' id='word_1_172' title='bbox 583 4114 779 4204; x_wconf 57' lang='lat' dir='ltr'><strong>peruenisse,</strong></span> <span class='ocrx_word' id='word_1_173' title='bbox 824 4099 892 4182; x_wconf 88' lang='lat' dir='ltr'><strong>utra</strong></span> <span class='ocrx_word' id='word_1_174' title='bbox 921 4139 993 4203; x_wconf 86' lang='lat' dir='ltr'><strong>pars</strong></span> <span class='ocrx_word' id='word_1_175' title='bbox 1023 4109 1177 4206; x_wconf 82' lang='lat' dir='ltr'><strong>culpanda</strong></span> 
     </span>
    </p>
   </div>
   <div class='ocr_carea' id='block_1_6' title="bbox 0 0 1723 5664">
    <p class='ocr_par' dir='ltr' id='par_1_6' title="bbox 0 0 1723 5664">
     <span class='ocr_line' id='line_1_29' title="bbox 0 0 1723 5664; baseline 0 0"><span class='ocrx_word' id='word_1_176' title='bbox 0 0 1723 5664; x_wconf 95' lang='lat' dir='ltr'><strong> </strong></span> 
     </span>
    </p>
   </div>
  </div>
 </body>
</html>
