3454 5658
1014 830 1056 894 38

566 996 736 1068 eonsilium
770 1000 853 1065 Nam
866 1021 938 1065 cum
949 1013 1019 1066 tute
1029 996 1219 1092 praesidium
1230 994 1365 1064 exeundi
1374 1011 1510 1090 potestas

559 1113 634 1182 data
652 1133 751 1196 esset,
773 1142 857 1209 equo
876 1141 1044 1186 conscenso
1061 1119 1257 1204 Groningam
1279 1117 1421 1184 centurio
1439 1141 1507 1182 rem

564 1237 733 1304 nmebvit,
777 1239 867 1305 Hanc
894 1240 936 1306 cb
966 1262 1101 1305 caussam
1132 1237 1200 1305 loco
1229 1235 1411 1304 Guilielmns
1440 1259 1506 1302 nnn

563 1355 678 1439 movit,
696 1380 737 1422 ne
748 1381 826 1424 vana
836 1372 960 1424 tentans
972 1357 1111 1445 fatigaret
1124 1357 1249 1449 copias3
1271 1357 1330 1422 sub
1347 1379 1508 1448 vesperam

563 1469 755 1540 excedebant
789 1477 953 1564 Groningd
985 1474 1050 1544 duo
1082 1475 1215 1556 milites,
1247 1500 1264 1542 a
1298 1473 1409 1542 Ketelo
1434 1499 1507 1540 cnm

562 1589 670 1658 litteris
697 1591 737 1660 ad
769 1596 1023 1665 Gubernatorem
1043 1597 1148 1679 missi,
1178 1609 1214 1664 ut
1236 1591 1508 1672 eonsilia‘edoctos

564 1709 782 1798 Groninganos
803 1737 867 1781 esse
893 1714 970 1781 inde
1003 1716 1201 1807 comperiret.
1245 1712 1367 1781 Callide
1394 1717 1504 1782 nuncii

563 1823 627 1912 illi,
652 1853 731 1920 quos
759 1833 818 1900 iter
840 1858 899 1925 per
925 1833 1069 1902 hostilem
1092 1833 1198 1902 locum
1222 1834 1363 1918 ferebat,
1385 1835 1505 1926 Hispa-

440 2011 443 2018 ,
554 1953 648 2022 nicos
670 1975 703 2018 se
722 1953 889 2020 emissarios
909 1952 1109 2037 simulantes,
1137 1952 1197 2021 loci
1221 1951 1419 2046 praesectum.
1442 1950 1504 2020 de-

565 2089 739 2166 ceperunt3
763 2070 819 2139 sed
839 2097 914 2140 cum
934 2089 1135 2157 monentem,
1156 2073 1298 2165 proxime
1316 2073 1418 2142 abesse
1431 2096 1504 2140 oum

563 2193 660 2285 copiis
689 2191 915 2276 Guiliebnum,
944 2190 1138 2284 dubiamque
1167 2190 1373 2282 profectionis
1397 2190 1504 2260 fortn-

562 2333 638 2379 nem
654 2308 891 2394 ostendentem,
911 2335 1028 2404 parum
1049 2334 1158 2378 curare
1178 2307 1383 2395 viderentur,
1410 2327 1506 2401 atque

562 2428 750 2499 excederent
776 2431 932 2516 statione,
957 2427 1118 2518 deliquid
1137 2431 1259 2496 subesse
1267 2445 1373 2512 ratus,
1392 2452 1503 2520 perse-

565 2553 621 2642 qui
642 2575 693 2620 eos
717 2566 749 2618 et
769 2550 939 2644 prehensos
958 2547 1074 2616 deduci
1097 2573 1170 2616 cum
1187 2547 1296 2616 litteris
1308 2548 1504 2634 Groningam

559 2670 662 2757 jussit.
707 2667 805 2760 Quod
828 2669 888 2735 ubi
907 2669 1119 2753 resciverunt,
1140 2669 1197 2760 qui
1216 2666 1297 2736 duee
1315 2666 1427 2736 Ketelo
1441 2691 1501 2734 ur—

561 2791 636 2856 bem
658 2802 834 2872 tentarent,
853 2786 1041 2874 aufugerunt
1056 2787 1254 2881 periculum,
1277 2803 1308 2854 et
1327 2784 1503 2853 abstrahere

552 2907 651 2975 illum
671 2933 689 2974 a
711 2923 822 2999 coepto
839 2904 1046 2993 studuerunt3
1067 2904 1122 2972 sed
1141 2905 1192 2973 ille
1213 2906 1325 2975 ceteris
1338 2903 1500 2990 audacior,

564 3029 726 3096 comitatus
745 3051 796 3096 eos
818 3026 1017 3118 aliquantum
1040 3025 1128 3109 viae,
1152 3026 1272 3119 recepit
1295 3048 1328 3091 se
1352 3024 1500 3093 Groniu-
1561 3079 1562 3086 ,

562 3171 655 3235 gam,
686 3149 743 3215 ubi
767 3147 916 3241 pristinos
935 3147 1049 3216 amicos
1066 3146 1145 3215 vitae
1165 3169 1237 3212 suae
1255 3145 1325 3212 satis
1342 3166 1497 3237 prospec-

562 3282 649 3333 turos
672 3289 736 3333 esse
759 3265 951 3335 confidebat
994 3268 1107 3358 Neque
1137 3281 1241 3332 tamen
1274 3265 1422 3355 cuiquam
1451 3265 1500 3330 sui

562 3385 768 3475 suspicionem
796 3385 935 3453 futuram
967 3385 1182 3468 existimabat,
1216 3385 1366 3478 quoniam
1395 3386 1497 3450 inter-

561 3519 670 3596 ceptae
689 3502 808 3571 litterae
826 3521 859 3570 et
883 3505 1042 3596 scriptoris
1064 3505 1191 3571 nomine
1209 3506 1357 3574 carebant
1375 3519 1407 3570 et
1424 3504 1499 3597 ipsis

561 3620 711 3689 militibus
731 3623 772 3688 ab
792 3621 854 3688 aliis
875 3638 964 3688 erant
986 3620 1083 3689 datae.
1118 3625 1244 3694 Frustra
1265 3647 1339 3711 ergo
1353 3623 1397 3690 illi
1415 3647 1498 3716 snp-

562 3740 663 3831 pliciis
683 3739 725 3806 ad
754 3739 930 3828 detegenda
953 3741 1077 3810 consilia
1107 3741 1231 3826 adacti,
1264 3744 1393 3834 quibus,
1412 3739 1497 3810 aliud

561 3860 642 3928 nibil
670 3862 904 3944 innotescebat,
935 3862 994 3927 nisi
1020 3861 1503 3949 mercat01iscujusdamlocu-.

560 3980 652 4073 pletis
665 3967 818 4074 spoliandi
840 3981 930 4048 camd
952 4000 1127 4077 susceptam
1149 3979 1379 4074 expeditionem
1396 3982 1499 4054 fuisse

560 4098 647 4168 Idem
677 4124 780 4168 coram
807 4106 986 4190 magistratu
1013 4121 1044 4168 et
1076 4102 1286 4172 stomachante
1308 4098 1499 4186 Vendugone
