3456 5676
979 885 1042 950 218

538 1061 668 1151 insuper
701 1060 781 1126 circa
814 1058 897 1128 hane
933 1083 1043 1128 curam
1072 1061 1260 1150 sapientium
1281 1060 1482 1152 0101111100·-

538 1179 637 1260 tium,
661 1179 718 1270 qui
729 1177 931 1268 Reipublicae
952 1177 1230 1263 adnu'nistrarunt,
1248 1181 1412 1250 instituta:
1435 1181 1482 1248 Il·

536 1298 643 1368 lustria
665 1297 972 1390 deniquemnim
1001 1300 1184 1386 regionum,
1216 1301 1481 1396 provinciarum,

538 1417 678 1509 adeoque
702 1410 879 1486 vicinarunl
901 1419 1074 1510 (quotquot
1096 1421 1158 1486 suis
1188 1419 1236 1488 vel
1263 1422 1482 1514 principibus,

539 1539 587 1606 vel
610 1540 839 1625 magistratibus
871 1541 996 1629 parent)
1022 1539 1162 1631 exempla
1187 1516 1277 1607 nobis
1305 1543 1348 1608 ob
1380 1542 1509 1618 ocules¹

538 1663 685 1752 ponimus
705 1663 740 1726 in
762 1659 923 1750 'republica
944 1662 1026 1728 benc
1055 1659 1293 1736 constituenda,
1331 1687 1398 1730 non
1426 1687 1480 1730 so-

538 1780 606 1848 lum
630 1780 701 1848 belli
723 1781 896 1873 pacisque,
926 1777 961 1846 id
991 1796 1057 1860 est,
1076 1781 1213 1867 justitiae
1237 1779 1481 1849 administratio·-

539 1927 613 1968 nem
643 1900 805 1994 publicam
835 1901 925 1966 nobis
960 1901 1139 1990 impositam
1171 1900 1360 1966 arbitramur
1372 1949 1383 1984 ,
1426 1900 1482 1967 sed

538 2021 718 2107 religionem
737 2023 854 2113 ipsam,
891 2044 970 2111 quae
991 2021 1074 2087 circa
1098 2021 1266 2111 pietatem,
1300 2045 1366 2104 non
1395 2035 1481 2086 trac-

538 2139 684 2224 tandam,
718 2158 749 2205 at
771 2138 935 2206 tutandam
953 2155 985 2206 et
1002 2136 1252 2232 prorogandum:
1287 2155 1319 2206 et
1342 2137 1483 2223 scholas,

538 2262 703 2352 unitasque
733 2259 966 2343 Seminarium,
1000 2283 1080 2349 quae
1112 2260 1193 2326 circa
1218 2259 1336 2345 ingenii
1365 2261 1480 2326 animi·

442 2419 444 2424 ,
540 2377 763 2469 quecultum,
786 2403 910 2445 morum
935 2379 1114 2446 civilitatem
1136 2395 1168 2444 et
1188 2379 1384 2446 honestatem
1407 2403 1480 2446 ver-

540 2517 671 2584 santur,
705 2517 847 2592 tempore
876 2500 1020 2589 quamvis
1050 2498 1479 2591 1111010100111100100001111.ἡ

540 2637 574 2686 10
583 2670 602 2718 ,,
617 2637 647 2684 at
669 2619 766 2686 libere
788 2637 819 2684 et
844 2621 1014 2687 necessario
1036 2618 1212 2704 curandas,
1236 2619 1366 2686 tandem
1387 2622 1478 2687 etiam

540 2740 649 2823 uobis,
673 2741 807 2804 nimium
831 2738 911 2822 diu,
934 2764 994 2806 nec
1021 2741 1086 2806 sine
1106 2741 1221 2828 injuria
1249 2741 1340 2806 totius
1369 2742 1479 2833 reipu-

540 2858 637 2924 blicae
661 2858 811 2924 hactenus
838 2875 1017 2949 temporum
1040 2860 1206 2950 iniquitate
1227 2857 1402 2948 neglectas,
1420 2861 1480 2945 ju-

541 2975 733 3061 dicavimus,
777 2979 1001 3068 sententiisque
1042 2971 1224 3043 salutarib'us
1252 2953 1482 3044 ¹constituimus

541 3115 572 3163 et
602 3099 793 3190 nuperrimis
828 3122 1017 3190 procerum,
1064 3097 1288 3188 Ordinumque
1329 3098 1480 3179 comitiis,

540 3220 621 3284 votis
644 3219 910 3284 consentientibus
934 3216 1137 3284 decrevimus.
1193 3220 1240 3284 Ut
1267 3241 1311 3282 nc
1338 3241 1399 3307 pro
1418 3241 1479 3306 pa-

539 3341 616 3404 triae
645 3355 769 3403 tantum
788 3337 874 3421 sole,
897 3361 1021 3430 proque
1043 3337 1135 3410 iocis,
1161 3336 1215 3402 sed
1233 3361 1298 3428 pro
1319 3339 1398 3422 aris,
1421 3363 1481 3430 pro

539 3460 708 3546 religione,
753 3483 812 3550 pro
848 3460 969 3545 justitia
1000 3475 1032 3523 et
1062 3458 1220 3532 libertate,
1268 3481 1330 3548 pro
1375 3456 1478 3522 liberis
1557 3519 1562 3530 ,

537 3579 773 3669 lihetorumque
795 3595 877 3646 recta
899 3595 931 3643 01
950 3580 1000 3670 pia
1022 3579 1239 3645 institutione:
1264 3602 1324 3668 pro
1345 3555 1478 3650 virtulo.

539 3701 672 3792 pietate,
694 3699 789 3765 literis
814 3698 962 3766 dimicare
985 3697 1170 3764 videremur.
1215 3700 1261 3763 Ita
1283 3699 1370 3764 enim
1391 3721 1478 3764 rem-

539 3819 698 3910 publicam
720 3799 926 3884 existimamus
951 3818 1016 3884 fore
1041 3818 1213 3885 absolutam
1236 3834 1268 3884 01
1290 3819 1429 3898 beatam,
1454 3818 1478 3886 ai
1504 3821 1508 3830 '

540 3954 572 4002 et
592 3961 650 4028 per
668 3961 699 4002 se
714 3937 795 4002 foret
818 3937 929 4017 firma,
954 3937 1041 4028 quod
1064 3937 1145 4004 bello
1163 3941 1376 4004 necessarioet
1388 3963 1477 4004 com-

541 4059 631 4122 muni
663 4058 800 4142 geritur,
833 4057 1028 4148 ampliusque
1061 4059 1241 4124 curabitur:
1266 4075 1297 4122 01
1326 4056 1479 4159 Ecclesiae

540 4171 645 4244 fidum
674 4179 714 4243 sit
745 4175 947 4270 hospitiumz'
970 4195 1001 4242 et
1029 4178 1187 4272 literarum
1210 4176 1387 4245 dulcissima
1407 4201 1477 4244 ,nu-
