3454 5658
650 829 685 902 13

196 999 315 1092 Belgica
346 1007 531 1074 constituere
564 1007 767 1100 Episcopatus
784 1009 887 1096 jussus
910 1033 926 1073 a
948 1009 1029 1094 Rege
1048 1001 1133 1073 Phia·

195 1123 286 1217 lippo
308 1142 383 1192 erat.
427 1127 585 1217 Quaeres
615 1128 768 1194 excitabat
789 1125 929 1194 factionis
950 1101 1134 1194 Protaauass

196 1246 275 1312 tium
308 1247 407 1331 iram,
440 1247 588 1313 acriorem
621 1270 686 1337 quc
720 1248 874 1313 recentior
897 1247 930 1311 in
959 1243 1129 1337 Republica

196 1383 276 1432 nova
308 1363 413 1452 religio
445 1381 519 1431 crat.
573 1367 656 1432 Hinc
685 1381 767 1432 ortae
789 1379 955 1456 perpetuae
977 1361 1043 1430 illac
1066 1361 1148 1427 ad-⁴

196 1505 300 1550 sersus
322 1484 565 1554 Granvellanum
589 1483 746 1576 querelae,
781 1484 857 1550 hinc
881 1482 1130 1576 perturbationes

193 1604 351 1688 exitiosae,
383 1603 459 1670 hinc
492 1601 657 1696 populares
680 1601 798 1668 sutores
818 1617 856 1668 et
878 1599 1130 1669 ieonoclastarum

194 1723 341 1814 impetus.
392 1721 571 1790 Accesserat
592 1721 803 1812 Inquisitionis
824 1719 965 1787 immunis
987 1717 1129 1798 licentia,

195 1863 258 1930 qua
291 1839 347 1904 etsi
374 1853 522 1930 sperasset
545 1841 610 1904 Rea
632 1837 779 1902 libertatis
801 1836 940 1902 studium
963 1857 994 1900 se
1014 1837 1127 1900 exstir-

192 1973 363 2050 patmum,
396 1972 504 2024 contra
518 1989 521 1997 2
534 1957 715 2022 excitaverat
745 1955 838 2039 nragb
860 1969 891 2018 st
913 1950 1129 2018 inflammave-

192 2091 249 2141 rat.
296 2076 481 2164 Consopitae
505 2071 619 2138 deinde
647 2068 854 2162 prudentium
875 2071 1013 2136 virorum
1035 2069 1130 2160 operi

193 2193 364 2277 sactiones,
398 2216 485 2258 nunc
518 2186 707 2257 contendere
738 2211 844 2252 rursus
876 2202 1066 2277 coeperunt,
1101 2203 1132 2251 et

194 2311 328 2376 nicrinus
361 2307 436 2374 mala
469 2307 582 2374 civitati
615 2304 825 2370 minabantur.
851 2304 891 2369 l¹l

238 2430 324 2496 Dum
337 2427 413 2494 haec
432 2426 475 2491 ita
489 2423 629 2492 seditiose
650 2440 820 2510 geruntur,
839 2419 1015 2488 inauditum
1035 2421 1132 2488 scelus

195 2543 424 2613 foederatorum
444 2541 683 2634 Rempublieam
698 2543 732 2606 in
748 2539 916 2607 discrimen
932 2556 1030 2608 vocat.
1058 2542 1130 2606 Fri·
1156 2558 1163 2572 ·

196 2665 274 2746 siae,
297 2664 494 2748 limingae,
519 2660 748 2727 Transisalnnae
765 2676 797 2726 et
815 2661 931 2746 Lingac
949 2657 1131 2752 praelectu—
1155 2711 1158 2722 .

197 2807 266 2849 ram
288 2803 324 2848 eo
346 2796 485 2872 tempore
498 2781 630 2846 'tenebat
652 2781 803 2866 Georgius
825 2777 997 2862 Laleinius‚
1021 2781 1131 2847 Comes

198 2895 456 2986 Rennebergius.'
484 2899 542 2968 Vir
569 2915 633 2964 erat
659 2898 776 2966 eximiis
797 2899 914 2985 ingenii
935 2897 1130 2966 facultatibus

199 3016 377 3112 praeditus,
400 3034 450 3100 et,
473 3020 497 3084 si
520 3019 589 3110 quis
610 3017 703 3101 alius,
736 3016 848 3104 dignus
868 3020 970 3102 visus,
993 3021 1049 3110 qui
1070 3035 1132 3083 tam
1156 3063 1160 3072 ·

200 3137 312 3224 insigni
342 3157 479 3206 munere·
500 3153 670 3204 ornaretur.
724 3142 807 3205 Bene
838 3154 991 3205 meruerat
1009 3135 1049 3202 da
1071 3165 1129 3229 pa-

201 3257 279 3338 tria,
304 3254 399 3348 ¹qnod
427 3279 598 3348 propensos
620 3255 843 3324 nonnullorum
866 3255 906 3322 ad
927 3257 1042 3342 Regem
1060 3258 1131 3320 ani-

202 3399 287 3458 mos,
318 3376 434 3467 partim
463 3371 639 3458 monendo,
671 3377 785 3467 partim
808 3373 981 3442 auferendis
1000 3375 1130 3444 honori·

204 3494 283 3576 bus,
318 3518 335 3558 a
367 3491 544 3585 proditione
577 3511 745 3580 avertera23
783 3512 814 3561 et
846 3518 916 3562 vero
936 3494 989 3563 illo
1009 3513 1133 3564 auctore

205 3612 471 3697 Grcningensium
493 3628 525 3678 st
547 3612 718 3680 accolarum
738 3615 913 3681 inimicitiae
930 3612 1051 3682 sedatae
1075 3615 1132 3682 ali·

206 3728 358 3818 quamdiu
390 3728 531 3797 suerunte
592 3731 718 3822 Quibus
751 3735 865 3800 meritis
899 3731 1033 3824 optabile
1063 3759 1136 3812 sane

203 3866 494 3888 w

242 3933 285 4002 (a)
305 3930 369 3986 Bne·
403 3947 453 3985 van
470 3930 602 3986 Mctsrsn.
638 3933 731 3986 neoto
767 3933 892 3991 Grotius.
928 3935 1003 4007 sujt.
1031 3935 1136 4007 Waga.

209 4037 284 4073 noar·
317 4021 441 4084 Heca-sn,
470 4022 578 4078 Harulb.
601 4021 658 4075 der
673 4021 837 4080 Gescbicbta
855 4027 902 4080 das
920 4025 1136 4094 Europaaiacltsn

210 4107 430 4180 Stennsystsna·
466 4112 496 4168 Ρ.
512 4113 534 4167 l.
552 4128 580 4180 p·
591 4113 651 4167 acii·
667 4130 744 4184 seqq.
