3454 5658
759 891 790 937 XI

301 1045 452 1124 effeceris,
486 1045 591 1130 vides,
625 1064 781 1138 quantum
803 1047 862 1114 hac
886 1064 922 1113 tu
943 1064 1039 1114 aetate
1063 1051 1246 1135 gravimmis

301 1169 395 1232 rebus
428 1170 540 1234 nostris
571 1167 770 1234 consulueris.
836 1168 916 1234 Nam
949 1170 1078 1234 interest
1102 1170 1243 1259 patriae,

303 1289 431 1354 interest
454 1292 620 1372 omnium,
643 1289 699 1379 qui
728 1290 807 1354 bene
827 1286 867 1352 de
887 1311 920 1352 ea
943 1289 1055 1353 mereri
1086 1290 1247 1380 cupiunt,

301 1431 367 1475 non
394 1408 505 1495 negligi
529 1411 597 1495 ejus
622 1408 782 1474 historiam
805 1409 1031 1499 virorumque,
1068 1433 1146 1498 quos
1171 1407 1242 1474 edi-

301 1524 371 1611 dit,
393 1551 579 1614 magnorum
600 1531 804 1614 memoriam,
826 1525 881 1594 sed
904 1529 1066 1596 instatuari
1095 1555 1131 1596 ac
1160 1529 1244 1596 cele·

301 1647 407 1732 brari,
442 1663 478 1713 ut
503 1650 602 1716 sciant
628 1649 760 1738 posteri,
796 1649 952 1738 quibuse
981 1651 1151 1737 majoribus
1184 1652 1246 1716 orti

298 1769 384 1850 sint,
425 1784 458 1834 et
487 1768 623 1836 habeant
650 1766 768 1850 iidem,
803 1792 883 1859 quos
910 1771 945 1834 in
974 1771 1068 1836 rebus
1099 1765 1243 1856 gerendis

296 1903 471 1978 sequantur
502 1904 535 1954 et
564 1890 737 1956 imitentur.
804 1892 872 1956 Nec
907 1905 1021 1956 temere
1054 1888 1247 1957 contendere

297 2005 459 2092 videmur,
503 2008 596 2075 talem
631 2024 754 2075 nostrae
781 2009 814 2072 in
841 2010 951 2099 primis
975 2011 1080 2074 aetatis
1104 2009 1243 2077 indolem

296 2127 513 2216 rationemque
548 2151 632 2210 esse,
676 2126 776 2215 qualis
811 2130 943 2194 rrmxime
976 2129 1017 2194 sit
1050 2127 1090 2194 ad
1124 2133 1241 2222 patriae

296 2242 457 2312 historiam
493 2244 754 2314 conscribendam
786 2244 908 2314 idonea.
962 2249 1045 2314 Nam
1079 2251 1238 2341 primum,

294 2362 433 2432 discessit
471 2381 592 2450 totum,
640 2365 728 2458 quod
770 2389 821 2432 me
852 2391 952 2460 puero
986 2385 1018 2434 et
1058 2367 1239 2437 adolescen-

297 2503 327 2551 te
348 2488 489 2573 vigebat,
512 2489 652 2580 partium
682 2486 834 2554 studium.
880 2491 980 2554 Nemo
1008 2487 1057 2554 illa
1078 2505 1174 2554 aetate
1199 2488 1239 2554 de

294 2607 494 2698 p1ineipibus
536 2607 817 2678 Arausionensibus
857 2607 1036 2689 scribebat,
1082 2609 1140 2674 nisi
1182 2611 1238 2698 qui

293 2724 572 2793 Arausionensium
600 2743 678 2793 esset
709 2727 868 2816 partium:
894 2726 1055 2816 fiebatque
1079 2725 1158 2793 illud
1180 2752 1235 2793 ra·

293 2869 352 2930 ro,
386 2847 494 2938 prouti
524 2844 678 2928 decebat,
711 2844 898 2939 explorandi
938 2845 1231 2937 cognoscendique,

292 2964 482 3056 plerumque
513 2991 588 3033 vero
621 2964 773 3033 laudandi
797 2991 910 3034 caussa.
967 2968 1139 3043 Factionis,
1184 2970 1237 3034 cui

292 3083 484 3168 invehatur,
529 3083 664 3152 tuendae
709 3111 746 3154 ac
791 3089 961 3153 contrariae
1003 3086 1236 3177 impugnandae

292 3203 592 3294 co'airguendaeque,
633 3229 697 3274 non
732 3206 867 3271 veritatis
899 3206 933 3270 in
966 3204 1036 3270 luce
1066 3205 1233 3297 ponendae

291 3326 369 3390 ratio
401 3324 585 3392 habebatur.
629 3327 748 3406 Nunc,
773 3349 886 3390 rerum
908 3347 992 3408 nos,
1014 3341 1051 3390 ut
1074 3326 1232 3394 Ciceronis

290 3446 392 3510 verbis
411 3461 500 3529 utar,
523 3449 672 3511 invenire
695 3447 867 3528 volumus,
891 3467 958 3510 noo
982 3455 1141 3534 tanquam
1165 3449 1230 3512 ad

289 3569 474 3630 versarium
496 3566 641 3654 aliquem
662 3569 862 3630 convincere.
907 3566 1052 3631 Veritatis
1070 3563 1230 3647 studium,

288 3685 315 3748 si
346 3705 489 3772 unquam
516 3684 550 3749 in
586 3685 680 3750 rebus
713 3685 855 3771 gentium
883 3683 1138 3774 perscrutandis,
1184 3685 1233 3753 his

290 3803 401 3870 nostris
425 3804 618 3896 temporibus
641 3801 822 3870 dominatur
839 3804 943 3896 plane.
982 3803 1117 3870 Invaluit
1136 3807 1228 3871 etiam

289 3921 374 4015 apud
409 3947 465 3990 nos
499 3925 593 4009 magis
629 3924 788 4011 magisque
808 3921 1033 4014 philosophiae
1065 3920 1227 4004 studium,

289 4067 354 4109 non
378 4045 463 4108 istius
495 4041 568 4110 dico
598 4042 832 4135 philosophiae,
857 4065 937 4132 quae
968 4041 1044 4108 salso
1073 4043 1134 4110 hoc
1164 4067 1225 4108 no-

207 4175 210 4182 '
289 4165 372 4230 minc
406 4162 489 4230 dicte
522 4181 589 4244 est,
627 4187 771 4254 quaeque
802 4189 819 4228 a
851 4164 951 4254 ,priori
978 4163 1101 4244 omnic,
1126 4163 1224 4250 ipsam
