3408 5664
649 959 704 1028 lut

210 1129 439 1222 provinciarum
462 1131 569 1200 incolis
599 1131 681 1216 suit,
704 1148 759 1215 ut,
784 1129 861 1198 dum
881 1129 1028 1198 Albertus
1052 1127 1140 1194 Aus-

209 1249 412 1343 triacus(qui
433 1254 468 1318 in
496 1249 632 1340 Belgicae
661 1251 830 1344 imperinm
860 1248 978 1318 Comiti
1000 1250 1141 1316 Fontano

208 1371 405 1460 successerat)
444 1368 527 1438 bello
557 1371 768 1463 occupabatur
797 1368 936 1453 Gallico,
967 1381 1142 1434 tutarentur

208 1485 287 1556 lines
297 1537 308 1572 ,
327 1489 508 1580 praesertim
526 1486 735 1573 Covordium,
755 1512 795 1554 ne
811 1487 956 1580 Hispanis
971 1489 1139 1572 ὁρμητήριον

206 1620 284 1672 esset
298 1602 354 1688 ¹ad
387 1607 559 1700 provincias
593 1607 765 1700 superiores
806 1601 1016 1688 isimundus,
1036 1597 1143 1670 aalide

208 1725 379 1792 munirent.
444 1723 536 1794 Haud
566 1724 725 1818 displicuit
760 1725 868 1793 ceteris
897 1721 1075 1792 consilium:
1112 1735 1144 1785 at

208 1843 308 1910 Frisiis
327 1844 550 1936 optatissimum
568 1841 647 1928 fuit,
668 1868 805 1935 quorum
819 1825 958 1908 vmerisne
977 1843 1142 1922 intererat,

206 1977 242 2028 ut
272 1959 358 2030 locus
387 1979 567 2032 servaretur.
610 1959 804 2030 Mandatum
836 1983 911 2048 ergo
943 1957 1142 2026 solertissimis

205 2077 400 2165 artificibus,
419 2096 456 2148 ut
476 2079 636 2174 explorato
656 2077 769 2173 oppidi
788 2081 850 2149 situ
869 2103 908 2146 ex
926 2079 1049 2164 ingenio
1066 2100 1141 2168 spe-

206 2197 320 2266 cimina
351 2195 598 2284 adumbrarent,
645 2223 662 2266 e
695 2199 812 2288 quibus
845 2198 903 2264 sibi
935 2197 1022 2290 optio
1057 2211 1143 2264 esset.

206 2317 421 2386 Veruntamen
442 2317 606 2388 convenire
627 2319 715 2386 Frisii
736 2343 812 2386 curn
829 2315 955 2408 reliquis
975 2316 1143 2410 provinciis

207 2435 247 2504 de
277 2433 444 2528 impendiis
476 2437 635 2530 primum,
668 2433 784 2502 deinde
812 2433 852 2502 de
877 2432 1155 2528 praesidiariorum'

206 2579 360 2640 numero,
381 2580 459 2646 quos
479 2553 616 2642 singulae
638 2553 832 2622 exlribiuuae
854 2570 978 2638 essem,
996 2577 1060 2620 non
1080 2577 1141 2644 po-

208 2690 319 2741 terant.
363 2673 570 2740 Transisalnni
594 2699 722 2766 quoque
734 2723 745 2758 ,
776 2675 832 2764 qui
863 2675 944 2740 iutra
974 2697 1043 2740 suos
1066 2671 1145 2738 lines

206 2789 398 2860 Covordium
429 2793 522 2860 situm
550 2817 611 2860 essc
640 2793 867 2886 perhibebant,
899 2817 940 2858 ne
968 2793 1144 2859 muniretur

205 2909 376 3002 operibus,
395 2911 580 2996 obstabant3
605 2913 649 2980 sic
671 2912 757 2980 enisu
780 2926 899 2980 metum
911 2935 996 2993 esse,
1019 2935 1140 2978 neom-

205 3029 257 3096 nia
278 3029 418 3120 perirent
440 3029 547 3098 ceteris
569 3027 695 3098 ditionis
715 3056 786 3098 sune
808 3032 938 3098 urbibus
955 3048 1143 3098 mercaturae

205 3147 421 3218 emolumenta.
469 3151 578 3240 ltaque
609 3149 747 3235 sactum,
782 3167 818 3218 ut
841 3151 996 3216 utilissima
1017 3173 1065 3216 res
1088 3173 1140 3216 so-

208 3267 326 3336 ciorum
345 3265 506 3334 discordiis
518 3269 552 3333 in
571 3266 721 3334 damnum
741 3271 856 3360 patriae
868 3267 1083 3360 impediretur.
1099 3269 1139 3336 u)

250 3383 367 3473 Insigni
399 3385 461 3454 hoc
494 3411 576 3454 arrno
600 3385 737 3453 Ordines
769 3385 918 3454 foederati
953 3386 1142 3458 documento

207 3504 399 3595 probarunt,
427 3507 546 3594 quantit
570 3529 635 3572 uon
654 3504 753 3574 solum
774 3505 981 3574 benivolentil
1002 3507 1136 3576 Guiliel-

206 3645 295 3692 mum
314 3639 599 3716 prosequerentur,
619 3627 840 3694 verumetiam
860 3641 1009 3716 quantem
1030 3623 1140 3692 studiis

206 3747 273 3832 ejus
285 3759 316 3810 et
326 3746 460 3831 egregiae
473 3768 541 3832 erga
555 3745 687 3836 patrium
700 3743 847 3814 voluntati
863 3743 961 3812 fidem
979 3745 1138 3815 baberent.

207 3861 333 3928 Etenim
355 3885 450 3952 quem
471 3864 538 3951 jam
562 3861 696 3930 duarum
729 3864 959 3956 provinciarum
990 3867 1136 3952 rugindnc

208 3979 469 4065 honestaverunt,
490 3979 626 4050 eundem
649 3980 700 4050 die
729 3987 770 4052 24
805 3983 926 4055 Sextilis
955 3983 1138 4052 Drcnllu‘ue

240 4296 283 4367 (t)
302 4297 396 4366 noyn,
415 4295 435 4354 l.
454 4297 536 4366 Xlll·
555 4317 582 4366 p·
601 4303 660 4354 28¹.
698 4301 767 4367 Bor,
791 4303 808 4352 l.
830 4301 973 4356 xxxttt.
993 4321 1020 4370 p.
1038 4303 1082 4356 58.
