3454 5658
679 848 718 912 ¹¹3

224 1015 307 1082 ostia.
364 1016 416 1086 Sic
450 1017 581 1107 quidem
611 1017 696 1101 fote,
729 1033 765 1084 ut
799 1038 956 1108 nusquam
987 1017 1165 1082 invenirent

223 1133 345 1219 bostes,
386 1134 472 1203 unde
510 1153 718 1204 commeatum
752 1151 956 1226 qauererent,
988 1149 1019 1200 et
1049 1149 1163 1214 tetvas,

225 1275 310 1342 quas¹
338 1255 509 1340 tenebant,
554 1255 635 1322 same
668 1256 766 1347 pressi
801 1271 994 1345 qaiantocyus
1026 1250 1164 1318 deserete

223 1388 417 1457 cognantur.
471 1373 535 1442 Seu
558 1371 687 1442 tandem
713 1373 805 1440 nimis
836 1397 907 1440 acre
939 1375 969 1438 ei
1001 1369 1164 1440 consilium

221 1488 306 1556 iane
327 1488 505 1577 videretur,
537 1490 672 1560 subsidia
703 1489 815 1560 idonea
845 1493 984 1558 mitteret
1003 1487 1044 1556 ad
1064 1513 1163 1556 occu·

222 1607 327 1698 panda
344 1607 395 1676 illa
410 1609 493 1696 loca,
508 1609 595 1678 unde
611 1611 745 1680 maximo
760 1609 949 1678 detrimento
968 1608 1071 1677 hostes
1086 1607 1167 1676 affici

222 1744 357 1817 possent.
384 1729 425 1798 (¹)

234 1887 238 1910 .
264 1848 451 1934 Licesttiua,
486 1850 543 1916 ubi
572 1847 687 1916 litteaas
717 1849 862 1940 accepit,
895 1845 936 1913 dc
958 1869 994 1914 te
1016 1846 1168 1914 continuo

222 1989 295 2034 cum
318 1966 488 2036 Guilielmo
507 1965 653 2034 Bmtlesio
673 1965 876 2048 delibetnvit:
909 1965 1083 2058 plurimum
1115 1963 1167 2030 bic

220 2081 382 2152 foederatis
403 2083 568 2169 studebat,
589 2099 623 2152 'et
640 2109 729 2152 nunc
745 2083 877 2175 quidem
894 2081 983 2152 valde
1004 2084 1166 2174 cupiebat,

220 2219 257 2270 ut
273 2227 359 2294 quac
378 2205 516 2270 suasisset
535 2204 755 2289 Gubernator,
776 2204 984 2271 efficerentur.
1029 2199 1094 2270 Sed
1104 2201 1167 2268 sive

218 2320 275 2390 alia
304 2324 455 2390 Iicestrio
472 2321 650 2413 placerent,
671 2323 733 2392 sive
755 2323 857 2413 copias
870 2299 963 2388 ¹haud
984 2321 1055 2387 satis
1075 2344 1165 2387 com-

221 2438 315 2508 mode
334 2441 370 2508 in
390 2438 527 2508 subsidia
547 2442 670 2508 mittere
693 2458 817 2533 posset,
850 2440 985 2528 neglexit
1009 2439 1168 2508 Guiliebni

183 2627 187 2637 ,
221 2563 349 2630 monita.
383 2563 494 2654 Itaque
513 2585 569 2652 spe
588 2559 756 2654 deceptas,
777 2585 873 2653 qnam
890 2559 1007 2652 optimc
1024 2576 1163 2651 poterat,

220 2703 269 2747 res
280 2676 366 2746 domi
376 2678 550 2767 ordinavit3
573 2705 654 2773 quac
673 2681 922 2773 temporislapsu
933 2679 1163 2764 obsoleverant,

219 2815 252 2866 et
267 2815 376 2866 tumen
399 2800 540 2866 testituta
563 2787 598 2866 i'n
621 2801 792 2892 pristinum
815 2816 932 2866 statum
959 2798 1103 2868 conferre
1124 2796 1164 2864 ad

220 2917 381 3011 publicam
394 2918 525 2987 salutem
548 2918 756 3005 videbantur,
777 2943 812 2986 ea
835 2917 944 2986 sedatio
964 2920 1162 3000 instauravit,

221 3061 301 3125 quae
329 3035 439 3104 studiis
466 3037 634 3106 bominum
654 3061 799 3130 perversa
826 3064 863 3106 ac
890 3053 1037 3130 surrupta
1057 3053 1163 3120 erant,

221 3153 416 3240 emendavit,
447 3171 480 3222 et
502 3158 538 3222 in
562 3181 764 3226 communem
787 3181 880 3224 tasum
909 3153 1163 3226 accommodavit

221 3276 274 3344 Sic
299 3300 366 3366 quo
393 3276 546 3368 efficacius
575 3275 677 3344 hostes
698 3302 716 3344 a
737 3274 855 3342 finibus
873 3275 1052 3367 provinciae
1073 3295 1163 3340 arcc-

219 3411 349 3480 rcntor,
379 3393 430 3462 die
452 3397 491 3464 21
516 3396 595 3484 Maji
618 3394 758 3464 edictum
780 3394 970 3489 promulgati
989 3395 1082 3484 jausit
1103 3417 1164 3486 per

220 3539 328 3584 omnes
349 3515 462 3582 Frisiae
483 3539 591 3602 agros,
626 3516 848 3585 accuratissime
871 3515 906 3582 in
927 3538 966 3582 eo
985 3511 1027 3580 de
1050 3536 1161 3582 necu-

220 3637 306 3702 sitote
341 3635 486 3703 excubias
519 3650 687 3702 nocturnas
714 3632 905 3725 diurnnqaae
928 3629 1040 3720 agendi
1061 3653 1162 3722 expo-

222 3775 322 3838 nens,
356 3768 453 3845 atqua
487 3777 590 3826 severe
621 3755 655 3822 in
691 3778 818 3839 omnes,
852 3755 1038 3847 quicunque
1066 3773 1160 3843 prac-

231 3933 521 3954 -n—-OEa--n

259 4045 299 4111 (t)
320 4043 414 4113 Reya,
434 4045 484 4097 tl.
502 4063 529 4111 p.
542 4049 584 4115 69.
622 4044 691 4102 Βοι,
712 4043 761 4097 tl.
780 4063 807 4112 [ι.
823 4045 863 4098 15.
893 4043 994 4108 Hoott,
1015 4044 1034 4097 l.
1049 4039 1161 4094 xxiv.

222 4134 322 4202 palae.
358 4133 528 4200 Wagcnaar,
551 4133 599 4184 tt.
619 4134 719 4198 μηδ.
1136 4173 1138 4176 .
