3408 5664
1011 907 1070 972 132

558 1085 769 1171 largitionibus
784 1102 962 1176 expugnare
984 1081 1051 1167 ejus
1062 1079 1202 1146 anianum
1221 1072 1411 1158 studebant,
1434 1096 1498 1165 pe-

558 1204 694 1298 rieulum
725 1201 901 1296 prudenter
928 1199 1042 1280 evasit,
1065 1195 1141 1262 adeo
1170 1211 1206 1260 ut
1227 1195 1262 1260 iis
1294 1218 1413 1261 summa
1439 1191 1498 1258 viri

558 1326 716 1410 integritas
741 1321 977 1388 admirationem
997 1332 1143 1384 moveret.
1199 1316 1349 1382 Novem·
1361 1313 1419 1379 viri
1440 1313 1448 1374 i
1454 1335 1496 1374 n-

559 1443 658 1510 duciis
683 1439 833 1509 faciendis
857 1466 873 1504 a
894 1439 978 1523 Rege
999 1435 1165 1527 Hispaniae
1196 1449 1227 1498 et
1260 1429 1497 1500 Archidueibus

558 1562 701 1654 praemiis
723 1577 798 1627 sunt
826 1559 937 1625 ornati.
983 1558 1142 1621 Praeterea
1165 1551 1325 1620 Guilielmi
1344 1548 1497 1617 Ludovlci

558 1705 678 1746 annuos
710 1677 829 1744 reditus
846 1673 990 1741 Ordines
1020 1671 1246 1766 duplicarunt,
1269 1674 1311 1738 ita
1332 1688 1368 1736 ut
1395 1672 1495 1762 quin-

450 1874 457 1890 ,
559 1799 684 1889 quagies
706 1795 790 1862 mille
813 1795 1006 1860 florenorum
1028 1817 1182 1858 summam
1203 1792 1364 1858 efficerent
1389 1793 1442 1858 (¹).

601 1914 742 1983 Vixdum
764 1937 811 1979 res
835 1913 1004 2004 praecipuit
1038 1911 1199 1979 Guilielmi
1226 1913 1322 2004 operi
1353 1935 1390 1977 eo
1416 1934 1511 2002 per-‚

556 2050 639 2100 mota
663 2050 748 2116 erat,
783 2049 815 2098 et
856 2030 1005 2098 reducem
1036 2033 1070 2097 in
1106 2034 1236 2098 Frisium
1264 2031 1389 2126 publica
1421 2054 1494 2097 ora-

558 2157 642 2220 tione
673 2151 840 2238 magnifiee
873 2148 1048 2217 laudaverat
1076 2153 1118 2216 ob
1152 2152 1263 2216 eximia
1295 2153 1330 2215 in
1363 2151 1497 2242 patriam

558 2274 667 2342 merita
699 2271 834 2368 celebris
859 2287 962 2337 orator
986 2268 1054 2354 (2),
1098 2295 1172 2336 eum
1200 2286 1327 2355 tautum!
1356 2271 1496 2348 abesset,

558 2409 594 2456 nt
623 2393 708 2478 justa
746 2415 892 2458 curarum
923 2391 1052 2480 requie,
1082 2405 1117 2454 ct
1147 2389 1359 2456 molestiarum
1391 2390 1493 2453 inter-

559 2509 709 2602 capedine
754 2511 933 2602 potiretur‚
981 2525 1017 2572 ut
1053 2509 1088 2574 in
1130 2506 1267 2574 deterius
1300 2533 1386 2576 versa
1422 2509 1496 2576 Fri-

557 2632 615 2695 siae
645 2628 785 2698 conditio
812 2653 910 2696 novos
943 2628 1064 2694 labores
1094 2645 1126 2692 et
1154 2651 1302 2694 otmarum
1331 2627 1426 2696 moles
1443 2631 1495 2694 aix

588 2869 634 2938 ¹(tl
653 2870 710 2920 Die
730 2869 858 2920 Koninclr
877 2886 933 2920 van
954 2871 1120 2938 Hispanp’en
1146 2869 1213 2920 ende
1239 2868 1499 2938 d'Aertsltertogen

557 2957 659 3010 beiden
671 2975 736 3008 enee
746 2976 831 3027 stegen
840 2967 975 3027 geaanten
983 2968 1064 3028 grets
1074 2958 1245 3027 geschenlren
1253 2977 1389 3028 gegetum,
1403 2977 1497 3010 waer-

557 3049 605 3117 aff
613 3033 707 3117 Graes
714 3045 828 3098 Wltem
847 3065 903 3098 van
920 3049 1033 3098 Nastae
1045 3046 1173 3098 belomen
1193 3046 1271 3117 hefft
1287 3049 1361 3114 twp'e
1385 3049 1497 3116 gouden

556 3139 710 3206 lampetten
729 3136 796 3186 ende
826 3133 924 3185 beten-a
944 3144 999 3187 met
1026 3154 1075 3186 eeu
1100 3135 1209 3204 geoden
1233 3135 1360 3205 gedeclste
1380 3136 1495 3198 selred,

557 3223 694 3280 weardiels
713 3225 802 3292 effnde
822 3239 911 3276 12000
934 3223 1073 3292 guidone,
1097 3224 1169 3274 vende
1199 3223 1404 3294 daerbeneffena
1425 3227 1497 3277 neela

555 3332 605 3365 ,τοο
622 3313 680 3363 vele
691 3313 868 3380 topicaerrjen
884 3319 958 3364 totta
975 3313 1102 3379 weerdffe
1118 3329 1173 3370 nan
1191 3309 1216 3362 't
1235 3314 1340 3382 vorige.
1362 3315 1419 3364 Die
1438 3332 1497 3365 ver-

550 3403 704 3470 -standigen
725 3401 835 3454 houden
856 3395 882 3452 't
897 3403 1051 3463 (lesmor,
1069 3403 1119 3452 dat
1141 3399 1271 3452 d’oneere
1287 3403 1333 3454 die
1346 3402 1497 3472 geschenr-

551 3492 606 3544 -len
626 3493 687 3542 niet
706 3509 740 3542 en
761 3491 871 3543 haddon
892 3491 1011 3546 actorem
1033 3491 1215 3562 t’ontvangen
1231 3508 1288 3544 van
1303 3492 1336 3543 de
1355 3493 1494 3558 niunden,

555 3599 635 3632 uterer
658 3581 751 3631 dattet
773 3580 850 3632 beter
871 3597 946 3632 ware
972 3590 1113 3651 geweest,
1144 3581 1194 3632 dat
1214 3599 1277 3632 men
1305 3581 1373 3632 hare
1395 3584 1498 3635 moeite
1586 3597 1591 3609 '

555 3671 613 3722 hun
639 3672 691 3736 urit
717 3671 764 3722 cles
785 3669 882 3721 landes
903 3667 1009 3737 buffdel
1023 3669 1134 3722 belone!
1163 3670 1264 3722 hadde.
1285 3695 1317 3710 -
1337 3670 1378 3722 M·
1395 3671 1423 3724 S.
1447 3671 1495 3725 cit.

556 3760 694 3811 Postrema
716 3759 869 3809 refutantur
888 3759 982 3811 verbis
1005 3757 1107 3812 Jauiui.
1131 3758 1218 3825 Epist.
1246 3759 1279 3810 ad
1312 3760 1494 3830 villaregium

555 3864 585 3901 at
609 3845 703 3898 Martii
726 3850 802 3916 1609.
821 3849 883 3907 ubi:
904 3849 945 3900 les
969 3851 1056 3900 Erato
1081 3858 1131 3902 ont
1154 3853 1232 3902 cusai
1243 3851 1345 3904 double'
1361 3851 1401 3903 lea
1419 3856 1498 3904 e'tctts·

556 3935 574 3988 ci
595 3937 744 3988 Monsieur
771 3935 797 3987 le
821 3939 915 3988 Comae
945 3938 1127 4003 Guillaume,
1148 3941 1197 4011 qui
1216 3959 1249 3993 en
1270 3942 1362 3992 tirera
1373 3946 1442 4009 pres
1462 3944 1496 3994 de

555 4027 641 4078 5oooo
654 4025 745 4076 ‘livre-s
763 4042 819 4091 par
838 4044 885 4075 an.
914 4024 959 4077 Cf.
975 4043 1026 4079 van
1047 4027 1143 4097 Wija,
1162 4031 1233 4094 Βᾶν.
1252 4049 1288 4099 op
1305 4032 1344 4079 D.
1366 4029 1416 4080 lX.
1436 4049 1493 4081 van

561 4119 772 4184 Wag.p.109.

591 4205 632 4273 (π)
654 4203 794 4256 Orationis
815 4202 895 4271 liujus
918 4204 945 4255 in
977 4205 1065 4256 libelli
1092 4205 1164 4256 ealce
1185 4206 1286 4257 tuetttio
1309 4207 1368 4258 fiet.
