3454 5658
988 763 1030 834 30

547 949 615 1026 ret,
645 962 740 1031 quam
765 942 826 1006 suis
852 935 969 1006 viribus
994 937 1144 1008 foederati
1167 941 1317 1006 sustinere
1342 949 1479 1033 possent»

546 1056 656 1150 Itaque
689 1058 826 1126 Ordines
856 1056 1027 1144 foederati,
1061 1085 1135 1126 curn
1166 1061 1354 1154 reipublicae
1385 1077 1484 1156 caput¹

546 1181 776 1268 requireretur,
792 1177 900 1244 foedus
917 1181 996 1245 inire
1015 1200 1089 1246 cum
1107 1179 1315 1266 HenricoIII,
1335 1182 1483 1248 Francius

547 1297 652 1384 Rege,
673 1298 871 1365 studuerunt.
902 1299 989 1364 Missi
1009 1296 1099 1384 legati
1117 1323 1161 1364 m.
1185 1298 1309 1390 Aprili,
1332 1301 1480 1388 quicun-

546 1415 678 1484 ditiones
693 1435 908 1510 proponerent
922 1417 1069 1502 laxiores,
1089 1443 1185 1508 quam
1204 1421 1319 1508 quibus
1336 1419 1482 1485 Francis*
1560 1469 1564 1476 .

501 1513 506 1523 .
547 1562 601 1604 cus
609 1519 748 1606 Valesius
766 1539 879 1606 harum
893 1540 1054 1625 regionum
1069 1537 1297 1630 praefecturam
1315 1553 1485 1629 acceperat.

547 1655 714 1723 Excusavit
732 1681 763 1722 se
783 1657 899 1724 Galliae
920 1681 975 1722 rex
995 1656 1251 1746 perhumaniter,
1274 1682 1410 1724 caussam
1428 1659 1483 1722 ina

549 1788 742 1866 terponens,
767 1777 919 1841 intestinis
942 1773 1103 1842 discordiis
1127 1801 1159 1840 se
1182 1773 1335 1861 distrahi,
1356 1773 1484 1866 quomi-

549 1917 609 1959 nus
630 1892 791 1962 foederatis
822 1919 943 1962 morem
965 1911 1093 1982 gereret.
1137 1897 1258 1962 Iecirco
1278 1895 1487 1962 Elisabetham

549 1997 592 2080 m.
618 2012 758 2102 Quintili
781 2013 943 2099 adierunt,
982 2040 1120 2105 quacum
1150 2017 1292 2082 societate
1320 2019 1413 2103 jungi
1444 2009 1489 2082 ob'

550 2131 703 2218 religionis
738 2131 973 2199 similitudinem
994 2121 1098 2220 'longe
1138 2134 1367 2226 praeferebant.
1423 2133 1487 2202 Sed

550 2275 655 2340 neque
676 2251 728 2316 illa
750 2254 898 2344 praebere
919 2251 1168 2344 supplicantibus
1190 2278 1277 2319 aures
1301 2251 1488 2337 videbatur,

552 2388 636 2438 certe
668 2374 790 2457 negavit
822 2371 961 2438 oblatum
994 2373 1119 2462 imperii
1149 2372 1310 2440 honorem.
1366 2371 1489 2440 Auxilia

552 2479 656 2558 tamen
671 2515 702 2558 se
717 2493 899 2575 missuram,
915 2507 962 2575 et,
985 2493 1042 2582 qui
1058 2515 1166 2558 rerum
1183 2517 1336 2558 summam
1353 2508 1489 2577 teneret,

553 2609 741 2679 Licestrium
761 2611 974 2701 pollicebatur.
1018 2611 1093 2678 Erat
1111 2613 1136 2676 is
1155 2616 1308 2702 egregius
1331 2616 1489 2678 virtutum

552 2732 748 2814 simulator,
791 2741 890 2820 atque
922 2735 1043 2796 invisos
1076 2733 1290 2820 infelicesque
1322 2731 1491 2819 Dndlrp'ae

550 2853 663 2939 gentas
684 2853 824 2938 spriritus
844 2849 939 2914 haud
956 2853 1095 2939 ingrata
1117 2855 1268 2916 comitate
1288 2853 1429 2917 velabat.
1446 2853 1487 2919 (¹)

598 2969 747 3036 Haecin
774 2969 870 3035 verbo
896 2967 1053 3034 monenda
1075 2967 1168 3053 duxi,
1203 2993 1244 3034 ne
1271 2965 1488 3034 desideraren-

557 3097 630 3170 tur,
656 3110 735 3177 quae
760 3085 926 3153 celebriora
947 3086 1008 3153 hac
1030 3103 1125 3152 aetate
1150 3085 1333 3154 acciderunt
1345 3135 1355 3172 ,
1386 3087 1488 3155 facili-

554 3230 656 3297 usque
680 3205 828 3298 deinceps
851 3206 1010 3274 Guilielmi
1030 3204 1184 3274 Ludovioi
1205 3208 1300 3274 vitam
1316 3230 1489 3298 perseque-

554 3350 671 3393 remur.
724 3327 820 3394 Hn'nc
841 3343 964 3411 autem,
1001 3318 1149 3418 capessito
1177 3327 1420 3394 Gubernationis
1456 3326 1491 3390 in

556 3446 651 3512 Frisia
673 3466 827 3530 munere,
851 3470 955 3532 graves
982 3444 1136 3511 molestiae
1167 3462 1368 3536 exceperunt.
1411 3447 1492 3513 Nam

556 3564 692 3636 calendis
713 3567 884 3650 ianuariis,
907 3590 981 3635 cum
1004 3567 1100 3633 creari
1121 3568 1194 3633 nori
1216 3568 1251 3632 in
1271 3567 1402 3655 urbibus
1421 3591 1491 3633 maa

548 3713 793 3731 a*

594 3789 635 3857 (1)
657 3787 791 3853 Grotius,
813 3788 832 3840 l.
851 3785 888 3840 V.
904 3807 931 3855 p.
950 3791 994 3860 94.
1028 3787 1126 3856 Reyd,
1145 3787 1165 3838 l.
1183 3785 1220 3840 V.
1238 3804 1266 3852 p.
1285 3787 1327 3856 73.
1358 3764 1505 3836 vnum..

558 3884 657 3942 taren,
675 3878 698 3932 1.
717 3878 737 3931 l.
753 3896 782 3945 p·
801 3896 850 3948 227
868 3895 945 3946 seqq.
970 3879 1042 3940 Bor,
1061 3877 1080 3927 l.
1093 3877 1112 3927 l.
1131 3895 1159 3944 p.
1177 3876 1220 3928 53.
1244 3875 1346 3940 Hoost,
1359 3875 1379 3924 l.
1392 3873 1493 3927 xxrl.

559 3985 588 4032 p.
607 3968 636 4022 61
657 3985 736 4037 seqq.
772 3967 943 4037 Wagenasr,
967 3966 986 4020 l.
1006 3967 1073 4034 hp.
1092 3968 1136 4021 ts.
1177 3965 1332 4030 Dinothus,
1357 3965 1391 4017 de
1419 3963 1494 4017 bello

559 4057 613 4110 cir.
633 4056 705 4130 Belg.
724 4056 742 4108 l.
761 4055 798 4110 V.
816 4075 844 4124 p.
861 4055 922 4106 403.
