3456 5676
639 925 696 995 nu

194 1097 308 1168 dorent
328 1130 344 1167 a
363 1103 467 1186 sociis,
490 1125 604 1192 eosque
617 1103 753 1192 turpiter
764 1100 924 1183 mliorem,
948 1099 1024 1167 haec
1043 1123 1137 1192 spee-

193 1236 276 1289 tare:
322 1220 415 1288 salvas
439 1239 623 1312 sanctasque
648 1218 779 1331 foederis
805 1219 977 1307 Trajeetini
1002 1220 1136 1305 legasse

190 1339 321 1405 oninino
344 1338 419 1406 velle
445 1341 476 1404 in
502 1363 602 1429 eoque
626 1355 783 1428 perstare:
830 1335 901 1417 sed,
928 1362 992 1428 quo
1011 1336 1136 1402 liberius

188 1475 299 1548 suopte
328 1458 456 1524 consilio
487 1483 522 1524 ae
552 1459 613 1522 suis
645 1458 703 1546 ipsi
726 1473 853 1548 possent
877 1457 994 1522 viribus
1023 1479 1134 1540 agere,

188 1573 267 1651 lraee
287 1577 345 1640 sibi
367 1578 426 1642 visa
449 1600 520 1641 esse.
575 1577 684 1666 Itaque
706 1599 808 1665 (lnam
829 1599 865 1640 eo
888 1591 1028 1666 tempore
1052 1576 1132 1640 rarin

186 1692 228 1758 de
248 1693 420 1760 obsidenda
451 1696 613 1781 Groninga
639 1694 763 1761 consilia
793 1695 1002 1780 agitarentur,
1038 1709 1132 1781 atque

184 1812 415 1881 thederatormn
440 1813 600 1882 Ordinum
625 1814 794 1880 sententiae
823 1810 861 1878 ad
892 1809 1132 1898 aggrediendam

185 1934 329 1998 universo
357 1933 428 1998 belli
454 1935 574 2023 impetu
600 1934 795 2018 Groningam
823 1929 1029 2010 inclinarent,
1063 1954 1129 1994 snas

184 2052 272 2116 Frisii
295 2052 443 2134 rationes,
474 2054 627 2118 contraria
647 2067 839 2141 spectantes,
869 2073 979 2134 magna
999 2074 1071 2116 voce
1093 2051 1126 2116 in

182 2168 325 2235 inedium
348 2170 568 2262 protulerunt,
603 2195 661 2262 par
693 2193 756 2236 esse
790 2165 948 2251 dicentes,
984 2185 1020 2232 ut
1044 2168 1127 2234 harae

181 2291 244 2382 ipsi
264 2287 495 2382 expeditionem
519 2289 574 2356 soli
596 2291 809 2382 susciperent,
833 2303 1007 2379 competere
1030 2289 1125 2368 vires,

181 2425 283 2476 cetera
304 2410 425 2493 omnia,
449 2411 565 2501 quibus
586 2433 666 2500 opus
684 2423 783 2490 esset,
806 2408 839 2472 in
864 2423 993 2496 promtu
1013 2432 1043 2472 se
1063 2405 1123 2472 ha—

179 2529 264 2593 bere.
310 2528 393 2594 Haec
415 2513 539 2594 consilia
564 2526 666 2616 qualia
689 2527 802 2592 natura
826 2540 945 2610 essent,
972 2549 1124 2616 quorsum

179 2644 366 2730 tenderent,
398 2671 527 2737 quoque
550 2663 678 2738 possent
699 2647 804 2728 abire,
838 2668 903 2710 non
926 2643 1015 2710 latuit
1038 2671 1122 2737 prn-

178 2763 258 2832 deus
282 2781 314 2832 et
334 2766 498 2858 perspicax
522 2763 682 2834 Guilielmi
710 2765 880 2850 ingenium.
946 2764 996 2848 Is,
1033 2769 1123 2852 eujus

176 2907 286 2954 omnes
306 2885 401 2950 animi
423 2887 618 2972 cogitationes
637 2882 677 2949 ad
698 2882 732 2949 id
754 2883 1015 2973 consequendum
1038 2910 1120 2952 con-

175 3005 357 3096 spirabant,
386 3021 422 3070 nt
444 3003 549 3095 quoad
570 3007 636 3094 ejus
661 3003 732 3070 steri
752 3021 878 3096 posset,
911 3028 985 3092 gens
1007 3007 1119 3070 Batava

175 3147 238 3188 una
261 3141 419 3208 maneret,
441 3125 523 3190 serre
542 3149 608 3192 noa
629 3139 772 3214 poterat,
795 3139 831 3189 ut
851 3122 1066 3215 imprudentia
1088 3141 1120 3188 et

173 3243 328 3330 injustitia
351 3242 576 3308 nonnullorum
596 3241 821 3308 disnaheretm·
843 3245 1018 3309 communis
1040 3271 1116 3310 can-

172 3387 222 3445 sa,
245 3377 276 3427 et
294 3359 445 3427 malorum
462 3359 533 3428 fons
550 3364 744 3453 aperiretm,
767 3363 884 3451 quibus
904 3364 937 3432 in
956 3381 1117 3454 posterum

172 3483 317 3550 futurum
342 3481 465 3546 nullum
494 3480 668 3546 remedium
691 3497 776 3547 esset.
833 3483 917 3548 Haec
941 3484 1035 3568 igitur
1059 3484 1118 3571 ipsi

172 3602 323 3692 exquisita
358 3603 579 3693 opportunitas
613 3601 693 3686 suit,
729 3619 765 3667 ut
798 3602 965 3670 acutissimi
999 3603 1115 3686 ingenii

171 3746 252 3812 qnae
273 3738 350 3787 esset
371 3723 414 3788 vis
435 3749 470 3789 ae
491 3723 730 3814 perspicacitas,
755 3747 836 3812 quae
857 3723 995 3808 generosi
1019 3737 1115 3809 atque

170 3869 185 3912 a
215 3839 340 3910 sordida
368 3843 414 3906 sni
436 3840 683 3908 consideratione
713 3843 809 3908 aversi
830 3841 933 3907 'animi
955 3840 1114 3926 integritas

171 3978 201 4027 et
233 3958 371 4042 eander,
395 3958 554 4048 deinque,
586 3986 683 4050 qnam
709 3962 769 4028 sibi
791 3978 867 4027 esset
896 3959 986 4026 finna
1018 3977 1115 4051 atque

170 4082 283 4149 invicta
304 4079 463 4162 uoluntas,
496 4081 551 4146 uhi
575 4083 618 4146 rei
642 4080 787 4173 populari
808 4083 960 4172 privatam
984 4079 1113 4165 gloriam

169 4217 201 4266 et
232 4197 480 4285 magnitudinem
512 4199 766 4290 postponendam
803 4217 961 4280 censeret,
1009 4198 1110 4289 palent
