3454 5658
665 901 731 978 ὅθ’

163 1047 166 1064 ¹
220 1074 242 1140 ὅ
258 1075 406 1144 Octobris
423 1077 591 1146 obsidionis
606 1082 729 1146 initium
746 1077 864 1162 secere,
883 1095 916 1144 et
932 1077 1063 1144 tantari
1082 1091 1168 1140 tor-.

219 1209 397 1266 mentatum
425 1195 540 1266 vallum
568 1214 831 1290 conquassamnt,
854 1214 890 1264 ut
908 1200 990 1264 intra
1013 1196 1157 1287 quinque

218 1307 285 1378 dies
302 1313 374 1406 plus
392 1333 488 1406 quam
506 1315 636 1382 dimidia
653 1319 720 1405 ejus
738 1341 810 1410 pam
827 1313 1023 1404 adjacentem
1045 1313 1169 1398 fossam,
1215 1375 1217 1380 .

219 1431 400 1524 eompleret.
442 1435 524 1532 Quo
542 1434 615 1518 die,
634 1459 736 1528 quum
756 1433 885 1502 meridie
900 1434 946 1502 sol
955 1430 1157 1526 praesidiariis

217 1549 368 1618 obversus
394 1551 486 1620 iacies
518 1552 684 1638 adureret,
708 1555 827 1622 'milites
858 1557 923 1624 acie
947 1569 1024 1622 ante
1042 1551 1157 1620 vallum

217 1665 379 1754 ordinati,
419 1687 489 1762 post
522 1675 679 1766 praeviam
711 1674 982 1755 exhortationem,
1015 1672 1159 1738 invocato

218 1788 328 1858 Divisi
344 1791 490 1858 Numinis
508 1793 641 1877 auxilio,
662 1795 851 1886 recitataque
871 1792 1013 1876 Psalmo,
1034 1791 1157 1856 invase·

217 1924 298 1974 runt
314 1911 523 1978 munitionem
537 1927 569 1978 et
583 1910 760 1980 diruerunt
805 1911 943 1978 Perculsi
957 1927 1078 1976 terrore
1094 1909 1157 1974 ob-

218 2027 293 2094 sessi
309 2030 475 2115 transigere
494 2053 571 2098 otum
587 2031 778 2098 Nassavianis
799 2029 948 2096 militibus
969 2029 1156 2118 cupiebant,

216 2141 275 2210 sed
308 2169 376 2212 non
406 2145 519 2214 auditis
551 2147 595 2214 illi
628 2171 702 2239 pree
733 2145 842 2214 imore
870 2148 1038 2237 precibus,
1061 2146 1160 2211 invito

217 2261 412 2348 Guilielmo,
452 2267 512 2356 qui
550 2268 637 2358 porei
681 2267 862 2333 miserorum
894 2267 972 2333 vitae
1002 2265 1162 2354 jubebat,

218 2383 385 2450 maximam
405 2397 527 2476 partem
544 2383 716 2454 crudeliter
731 2383 939 2452 trucidarunt.
985 2384 1158 2472 Perageba-

220 2517 275 2568 tur
302 2501 424 2570 lacinus
441 2502 525 2569 istud
548 2506 582 2570 in
605 2502 764 2572 Frederioi
786 2505 946 2591 Bergensis
969 2519 1160 2594 conspectu,

221 2623 282 2714 qui
310 2647 384 2690 enm
416 2623 533 2690 auxiliis
564 2622 747 2690 festinanter
767 2638 964 2710 accurrerat,
1000 2619 1053 2688 sed
1075 2620 1161 2688 sossis

218 2740 412 2833 impeditus,
443 2741 549 2809 locum
580 2741 741 2810 obsidione
774 2741 904 2808 liberare
934 2765 1008 2808 cum
1028 2736 1159 2808 Verdu-

219 2885 325 2946 goue,
356 2885 428 2928 mox
450 2863 526 2928 item
545 2887 620 2930 eum
639 2863 703 2928 auis
722 2877 893 2954 sequente,
917 2885 982 2928 non
1007 2876 1162 2954 potuerat.

218 2979 359 3048 Instabat
389 2979 511 3064 hiems,
538 2998 570 3048 et
600 2983 802 3073 requirebant
826 2985 937 3070 otium,
950 2980 1081 3066 militem
1107 2979 1161 3046 sed

220 3097 408 3172 Guilielmm
424 3102 553 3183 veritus,
572 3125 613 3168 ne
625 3100 840 3192 Soltoampum
852 3099 1057 3167 citiushostes
1066 3123 1161 3166 rocu-

218 3234 371 3311 perarent
390 3243 487 3309 quam
504 3219 691 3298 amisissent,
714 3237 786 3288 ante
804 3245 901 3311 quam
922 3216 1093 3284 dimitteret
1114 3242 1166 3284 eos

218 3339 253 3410 in
277 3337 431 3414 hiberna,
450 3361 568 3404 nomam
586 3333 744 3404 castellum
759 3339 876 3404 exstrui
887 3339 996 3425 jussit:
1021 3338 1054 3404 in
1076 3334 1165 3427 quod

218 3481 302 3554 opus
322 3471 359 3523 ut
379 3479 437 3550 pet·
454 3479 600 3524 serenum
629 3472 753 3548 tempus
777 3456 905 3543 gnavius
925 3456 1166 3538 incumberent,

219 3578 388 3670 proposuit
399 3553 552 3668 praemia,
570 3577 699 3668 ipseque
712 3573 853 3670 quotidie
871 3575 1024 3644 interfuit.
1070 3576 1119 3640 Ex
1131 3575 1166 3640 iis

219 3697 354 3780 eurisNet
371 3694 495 3782 vigiliis,
518 3719 621 3787 quum
639 3693 814 3782 frigesceret
832 3705 910 3774 ae'r,
928 3719 1052 3781 gravem
1075 3719 1164 3762 mor·

219 3815 303 3882 bum
322 3815 495 3882 conuenite
519 3839 586 3908 quo
603 3816 638 3880 in
656 3812 722 3882 (lies
741 3815 836 3902 magis
855 3812 1049 3897 debilitatus,
1072 3812 1166 3882 domo

220 3931 373 4000 excedere
395 3934 529 4017 vetitus,
552 3931 632 4000 lecto
655 3931 781 4000 tandem
805 3933 934 4016 affixus,
961 3959 1025 4000 non
1050 3917 1181 3999 destitit'

220 4052 347 4120 assiduo
377 4077 414 4119 ex
447 4053 692 4120 centurionibus
730 4077 897 4142 quaerere,
932 4077 1050 4143 opusne
1087 4055 1167 4118 bene

221 4174 432 4266 procuderet,
465 4171 642 4264 militesque
670 4195 818 4264 prospera
842 4171 1018 4239 valetudine
1049 4167 1168 4272 gaude·
