<?xml version="1.0" encoding="UTF-8"?>
<!DOCTYPE html PUBLIC "-//W3C//DTD XHTML 1.0 Transitional//EN"
    "http://www.w3.org/TR/xhtml1/DTD/xhtml1-transitional.dtd">
<html xmlns="http://www.w3.org/1999/xhtml" xml:lang="en" lang="en">
 <head>
  <title>
</title>
<meta http-equiv="Content-Type" content="text/html;charset=utf-8" />
  <meta name='ocr-system' content='tesseract 3.04.00' />
  <meta name='ocr-capabilities' content='ocr_page ocr_carea ocr_par ocr_line ocrx_word'/>
</head>
<body>
  <div class='ocr_page' id='page_1' title='image "./diatribeinguili00heusgoog_0053.png"; bbox 0 0 3454 5658; ppageno 0'>
   <div class='ocr_carea' id='block_1_1' title="bbox 687 803 731 875">
    <p class='ocr_par' dir='ltr' id='par_1_1' title="bbox 687 803 731 875">
     <span class='ocr_line' id='line_1_1' title="bbox 687 803 731 875; baseline -0.023 0"><span class='ocrx_word' id='word_1_1' title='bbox 687 803 731 875; x_wconf 81' lang='lat' dir='ltr'><strong>at</strong></span> 
     </span>
    </p>
   </div>
   <div class='ocr_carea' id='block_1_2' title="bbox 234 975 1240 3940">
    <p class='ocr_par' dir='ltr' id='par_1_2' title="bbox 234 975 1240 3940">
     <span class='ocr_line' id='line_1_2' title="bbox 241 975 1178 1076; baseline 0.003 -27"><span class='ocrx_word' id='word_1_2' title='bbox 241 975 385 1070; x_wconf 75' lang='lat' dir='ltr'><strong>gistritus</strong></span> <span class='ocrx_word' id='word_1_3' title='bbox 405 979 582 1065; x_wconf 85' lang='lat' dir='ltr'><strong>deberent,</strong></span> <span class='ocrx_word' id='word_1_4' title='bbox 612 993 757 1071; x_wconf 73' lang='lat' dir='ltr'><strong>essetque</strong></span> <span class='ocrx_word' id='word_1_5' title='bbox 790 998 877 1048; x_wconf 74' lang='lat' dir='ltr'><strong>suna</strong></span> <span class='ocrx_word' id='word_1_6' title='bbox 911 1005 970 1049; x_wconf 90' lang='lat' dir='ltr'><strong>usu</strong></span> <span class='ocrx_word' id='word_1_7' title='bbox 994 997 1178 1076; x_wconf 79' lang='lat' dir='ltr'><strong>receptum,</strong></span> 
     </span>
     <span class='ocr_line' id='line_1_3' title="bbox 241 1097 1207 1190; baseline 0.002 -24"><span class='ocrx_word' id='word_1_8' title='bbox 241 1115 277 1166; x_wconf 85' lang='lat' dir='ltr'><strong>ut</strong></span> <span class='ocrx_word' id='word_1_9' title='bbox 298 1101 445 1168; x_wconf 81' lang='lat' dir='ltr'><strong>abeuntes</strong></span> <span class='ocrx_word' id='word_1_10' title='bbox 466 1113 599 1167; x_wconf 82' lang='lat' dir='ltr'><strong>munere</strong></span> <span class='ocrx_word' id='word_1_11' title='bbox 624 1097 785 1190; x_wconf 84' lang='lat' dir='ltr'><strong>duplicem</strong></span> <span class='ocrx_word' id='word_1_12' title='bbox 805 1102 971 1168; x_wconf 85' lang='lat' dir='ltr'><strong>nominum</strong></span> <span class='ocrx_word' id='word_1_13' title='bbox 992 1121 1177 1190; x_wconf 85' lang='lat' dir='ltr'><strong>numerum,</strong></span> <span class='ocrx_word' id='word_1_14' title='bbox 1201 1150 1207 1168; x_wconf 68' lang='grc'>,</span> 
     </span>
     <span class='ocr_line' id='line_1_4' title="bbox 240 1217 1179 1310; baseline 0.007 -26"><span class='ocrx_word' id='word_1_15' title='bbox 240 1242 258 1284; x_wconf 87' lang='lat' dir='ltr'><strong>e</strong></span> <span class='ocrx_word' id='word_1_16' title='bbox 274 1219 388 1309; x_wconf 84' lang='lat' dir='ltr'><strong>quibus</strong></span> <span class='ocrx_word' id='word_1_17' title='bbox 404 1243 483 1286; x_wconf 82' lang='lat' dir='ltr'><strong>nova</strong></span> <span class='ocrx_word' id='word_1_18' title='bbox 498 1217 606 1287; x_wconf 83' lang='lat' dir='ltr'><strong>electio</strong></span> <span class='ocrx_word' id='word_1_19' title='bbox 622 1217 729 1303; x_wconf 89' lang='lat' dir='ltr'><strong>fieret,</strong></span> <span class='ocrx_word' id='word_1_20' title='bbox 747 1221 957 1288; x_wconf 78' lang='lat' dir='ltr'>Gubernatori</span> <span class='ocrx_word' id='word_1_21' title='bbox 974 1239 1005 1288; x_wconf 82' lang='lat' dir='ltr'><strong>et</strong></span> <span class='ocrx_word' id='word_1_22' title='bbox 1017 1223 1179 1310; x_wconf 87' lang='lat' dir='ltr'><strong>judicibus</strong></span> 
     </span>
     <span class='ocr_line' id='line_1_5' title="bbox 240 1337 1176 1432; baseline 0.003 -28"><span class='ocrx_word' id='word_1_23' title='bbox 240 1337 481 1432; x_wconf 84' lang='lat' dir='ltr'><strong>provincialibus</strong></span> <span class='ocrx_word' id='word_1_24' title='bbox 497 1338 662 1422; x_wconf 85' lang='lat' dir='ltr'><strong>afferrent,</strong></span> <span class='ocrx_word' id='word_1_25' title='bbox 682 1338 800 1430; x_wconf 77' lang='lat' dir='ltr'><strong>placuit</strong></span> <span class='ocrx_word' id='word_1_26' title='bbox 819 1340 856 1404; x_wconf 61' lang='lat' dir='ltr'><strong>ei&#39;</strong></span> <span class='ocrx_word' id='word_1_27' title='bbox 864 1342 917 1427; x_wconf 83' lang='lat' dir='ltr'><strong>jus</strong></span> <span class='ocrx_word' id='word_1_28' title='bbox 939 1339 1017 1407; x_wconf 88' lang='lat' dir='ltr'><strong>illud</strong></span> <span class='ocrx_word' id='word_1_29' title='bbox 1035 1343 1070 1408; x_wconf 91' lang='lat' dir='ltr'><strong>iu</strong></span> <span class='ocrx_word' id='word_1_30' title='bbox 1088 1340 1176 1407; x_wconf 82' lang='lat' dir='ltr'><strong>dele-</strong></span> 
     </span>
     <span class='ocr_line' id='line_1_6' title="bbox 239 1456 1176 1551; baseline 0.004 -29"><span class='ocrx_word' id='word_1_31' title='bbox 239 1474 324 1544; x_wconf 73' lang='lat' dir='ltr'><strong>gatos</strong></span> <span class='ocrx_word' id='word_1_32' title='bbox 336 1457 494 1542; x_wconf 82' lang='lat' dir='ltr'><strong>conferre,</strong></span> <span class='ocrx_word' id='word_1_33' title='bbox 516 1456 603 1550; x_wconf 89' lang='lat' dir='ltr'><strong>quod</strong></span> <span class='ocrx_word' id='word_1_34' title='bbox 615 1481 633 1524; x_wconf 83' lang='lat' dir='ltr'><strong>a</strong></span> <span class='ocrx_word' id='word_1_35' title='bbox 640 1457 782 1546; x_wconf 78' lang='lat' dir='ltr'><strong>judiciali</strong></span> <span class='ocrx_word' id='word_1_36' title='bbox 799 1481 833 1525; x_wconf 89' lang='lat' dir='ltr'><strong>re</strong></span> <span class='ocrx_word' id='word_1_37' title='bbox 852 1460 1020 1551; x_wconf 85' lang='lat' dir='ltr'><strong>sepositum</strong></span> <span class='ocrx_word' id='word_1_38' title='bbox 1041 1462 1176 1526; x_wconf 83' lang='lat' dir='ltr'><strong>arbitra-</strong></span> 
     </span>
     <span class='ocr_line' id='line_1_7' title="bbox 238 1578 1177 1672; baseline 0.001 -27"><span class='ocrx_word' id='word_1_39' title='bbox 238 1579 341 1646; x_wconf 79' lang='lat' dir='ltr'><strong>batur.</strong></span> <span class='ocrx_word' id='word_1_40' title='bbox 379 1581 618 1646; x_wconf 81' lang='lat' dir='ltr'><strong>Obnitebantur</strong></span> <span class='ocrx_word' id='word_1_41' title='bbox 634 1580 786 1662; x_wconf 76' lang='lat' dir='ltr'><strong>civitates,</strong></span> <span class='ocrx_word' id='word_1_42' title='bbox 802 1578 993 1672; x_wconf 82' lang='lat' dir='ltr'><strong>sicquidem</strong></span> <span class='ocrx_word' id='word_1_43' title='bbox 1011 1578 1129 1647; x_wconf 82' lang='lat' dir='ltr'><strong>factum</strong></span> <span class='ocrx_word' id='word_1_44' title='bbox 1138 1582 1177 1646; x_wconf 80' lang='lat' dir='ltr'><strong>iri</strong></span> 
     </span>
     <span class='ocr_line' id='line_1_8' title="bbox 238 1697 1177 1793; baseline 0.003 -29"><span class='ocrx_word' id='word_1_45' title='bbox 238 1697 401 1783; x_wconf 88' lang='lat' dir='ltr'><strong>dicentes,</strong></span> <span class='ocrx_word' id='word_1_46' title='bbox 423 1714 460 1764; x_wconf 91' lang='lat' dir='ltr'><strong>ut</strong></span> <span class='ocrx_word' id='word_1_47' title='bbox 477 1701 516 1766; x_wconf 88' lang='lat' dir='ltr'><strong>ab</strong></span> <span class='ocrx_word' id='word_1_48' title='bbox 538 1723 683 1786; x_wconf 83' lang='lat' dir='ltr'><strong>agrorum</strong></span> <span class='ocrx_word' id='word_1_49' title='bbox 703 1698 863 1766; x_wconf 87' lang='lat' dir='ltr'><strong>nobilibus</strong></span> <span class='ocrx_word' id='word_1_50' title='bbox 884 1716 1066 1786; x_wconf 81' lang='lat' dir='ltr'><strong>regerentur</strong></span> <span class='ocrx_word' id='word_1_51' title='bbox 1084 1703 1177 1793; x_wconf 81' lang='lat' dir='ltr'><strong>ipsae.</strong></span> 
     </span>
     <span class='ocr_line' id='line_1_9' title="bbox 240 1820 1240 1916; baseline 0.005 -28"><span class='ocrx_word' id='word_1_52' title='bbox 240 1821 357 1888; x_wconf 77' lang='lat' dir='ltr'><strong>Multae</strong></span> <span class='ocrx_word' id='word_1_53' title='bbox 379 1820 460 1906; x_wconf 61' lang='lat' dir='ltr'><strong>iude,</strong></span> <span class='ocrx_word' id='word_1_54' title='bbox 483 1839 571 1889; x_wconf 86' lang='lat' dir='ltr'><strong>natae</strong></span> <span class='ocrx_word' id='word_1_55' title='bbox 594 1825 841 1908; x_wconf 84' lang='lat' dir='ltr'><strong>controversiae,</strong></span> <span class='ocrx_word' id='word_1_56' title='bbox 879 1847 959 1916; x_wconf 86' lang='lat' dir='ltr'><strong>quae</strong></span> <span class='ocrx_word' id='word_1_57' title='bbox 988 1823 1116 1892; x_wconf 87' lang='lat' dir='ltr'><strong>tandem</strong></span> <span class='ocrx_word' id='word_1_58' title='bbox 1137 1828 1179 1892; x_wconf 87' lang='lat' dir='ltr'><strong>ita</strong></span> <span class='ocrx_word' id='word_1_59' title='bbox 1237 1885 1240 1893; x_wconf 85' lang='grc'><em>,</em></span> 
     </span>
     <span class='ocr_line' id='line_1_10' title="bbox 238 1939 1178 2035; baseline 0 -25"><span class='ocrx_word' id='word_1_60' title='bbox 238 1958 417 2024; x_wconf 81' lang='lat' dir='ltr'><strong>cessarunt,</strong></span> <span class='ocrx_word' id='word_1_61' title='bbox 451 1957 488 2006; x_wconf 94' lang='lat' dir='ltr'><strong>ut</strong></span> <span class='ocrx_word' id='word_1_62' title='bbox 522 1939 632 2007; x_wconf 85' lang='lat' dir='ltr'><strong>decem</strong></span> <span class='ocrx_word' id='word_1_63' title='bbox 654 1941 791 2008; x_wconf 87' lang='lat' dir='ltr'><strong>civitates</strong></span> <span class='ocrx_word' id='word_1_64' title='bbox 816 1943 1049 2025; x_wconf 79' lang='lat' dir='ltr'><strong>consentirent,</strong></span> <span class='ocrx_word' id='word_1_65' title='bbox 1081 1967 1178 2035; x_wconf 86' lang='lat' dir='ltr'><strong>penes</strong></span> 
     </span>
     <span class='ocr_line' id='line_1_11' title="bbox 238 2060 1178 2153; baseline 0 -24"><span class='ocrx_word' id='word_1_66' title='bbox 238 2063 493 2129; x_wconf 81' lang='lat' dir='ltr'><strong>Gubernatorem</strong></span> <span class='ocrx_word' id='word_1_67' title='bbox 510 2060 612 2128; x_wconf 87' lang='lat' dir='ltr'><strong>solum</strong></span> <span class='ocrx_word' id='word_1_68' title='bbox 630 2061 664 2125; x_wconf 89' lang='lat' dir='ltr'><strong>in</strong></span> <span class='ocrx_word' id='word_1_69' title='bbox 687 2077 850 2153; x_wconf 88' lang='lat' dir='ltr'><strong>posterum</strong></span> <span class='ocrx_word' id='word_1_70' title='bbox 863 2064 917 2148; x_wconf 86' lang='lat' dir='ltr'><strong>jus</strong></span> <span class='ocrx_word' id='word_1_71' title='bbox 935 2061 1069 2148; x_wconf 87' lang='lat' dir='ltr'><strong>eligendi</strong></span> <span class='ocrx_word' id='word_1_72' title='bbox 1086 2063 1178 2130; x_wconf 86' lang='lat' dir='ltr'><strong>sutu-</strong></span> 
     </span>
     <span class='ocr_line' id='line_1_12' title="bbox 237 2176 1175 2270; baseline 0 -23"><span class='ocrx_word' id='word_1_73' title='bbox 237 2205 332 2264; x_wconf 83' lang='lat' dir='ltr'><strong>rum,</strong></span> <span class='ocrx_word' id='word_1_74' title='bbox 357 2177 453 2247; x_wconf 87' lang='lat' dir='ltr'><strong>modo</strong></span> <span class='ocrx_word' id='word_1_75' title='bbox 475 2178 642 2270; x_wconf 84' lang='lat' dir='ltr'><strong>privilegiis</strong></span> <span class='ocrx_word' id='word_1_76' title='bbox 665 2176 699 2244; x_wconf 90' lang='lat' dir='ltr'><strong>id</strong></span> <span class='ocrx_word' id='word_1_77' title='bbox 721 2181 781 2244; x_wconf 85' lang='lat' dir='ltr'><strong>suis</strong></span> <span class='ocrx_word' id='word_1_78' title='bbox 803 2181 968 2246; x_wconf 85' lang='lat' dir='ltr'><strong>innoxium</strong></span> <span class='ocrx_word' id='word_1_79' title='bbox 992 2203 1055 2246; x_wconf 85' lang='lat' dir='ltr'><strong>esse</strong></span> <span class='ocrx_word' id='word_1_80' title='bbox 1082 2197 1175 2247; x_wconf 84' lang='lat' dir='ltr'><strong>testa-</strong></span> 
     </span>
     <span class='ocr_line' id='line_1_13' title="bbox 237 2296 1177 2392; baseline 0.004 -28"><span class='ocrx_word' id='word_1_81' title='bbox 237 2315 334 2366; x_wconf 88' lang='lat' dir='ltr'><strong>retur.</strong></span> <span class='ocrx_word' id='word_1_82' title='bbox 379 2299 605 2392; x_wconf 87' lang='lat' dir='ltr'><strong>Exeipiebatur</strong></span> <span class='ocrx_word' id='word_1_83' title='bbox 633 2296 819 2366; x_wconf 87' lang='lat' dir='ltr'><strong>Leovardiae</strong></span> <span class='ocrx_word' id='word_1_84' title='bbox 848 2300 970 2383; x_wconf 63' lang='lat' dir='ltr'><strong>ciuitas,</strong></span> <span class='ocrx_word' id='word_1_85' title='bbox 993 2317 1103 2392; x_wconf 89' lang='lat' dir='ltr'><strong>utpote</strong></span> <span class='ocrx_word' id='word_1_86' title='bbox 1123 2325 1177 2368; x_wconf 83' lang='lat' dir='ltr'><strong>oe-</strong></span> 
     </span>
     <span class='ocr_line' id='line_1_14' title="bbox 238 2416 1177 2510; baseline 0.002 -27"><span class='ocrx_word' id='word_1_87' title='bbox 238 2420 311 2484; x_wconf 88' lang='lat' dir='ltr'><strong>toris</strong></span> <span class='ocrx_word' id='word_1_88' title='bbox 328 2441 466 2486; x_wconf 87' lang='lat' dir='ltr'><strong>summae</strong></span> <span class='ocrx_word' id='word_1_89' title='bbox 488 2419 589 2485; x_wconf 87' lang='lat' dir='ltr'><strong>curiae</strong></span> <span class='ocrx_word' id='word_1_90' title='bbox 607 2416 792 2485; x_wconf 82' lang='lat' dir='ltr'><strong>studiosior:</strong></span> <span class='ocrx_word' id='word_1_91' title='bbox 813 2417 858 2484; x_wconf 91' lang='lat' dir='ltr'><strong>ibi</strong></span> <span class='ocrx_word' id='word_1_92' title='bbox 883 2421 994 2510; x_wconf 86' lang='lat' dir='ltr'><strong>mutati</strong></span> <span class='ocrx_word' id='word_1_93' title='bbox 1015 2420 1177 2505; x_wconf 87' lang='lat' dir='ltr'><strong>magistra-</strong></span> 
     </span>
     <span class='ocr_line' id='line_1_15' title="bbox 238 2537 1179 2627; baseline 0 -23"><span class='ocrx_word' id='word_1_94' title='bbox 238 2555 288 2605; x_wconf 89' lang='lat' dir='ltr'><strong>tus</strong></span> <span class='ocrx_word' id='word_1_95' title='bbox 316 2538 378 2605; x_wconf 89' lang='lat' dir='ltr'><strong>boc</strong></span> <span class='ocrx_word' id='word_1_96' title='bbox 408 2561 492 2605; x_wconf 85' lang='lat' dir='ltr'><strong>anno</strong></span> <span class='ocrx_word' id='word_1_97' title='bbox 515 2561 581 2605; x_wconf 86' lang='lat' dir='ltr'><strong>non</strong></span> <span class='ocrx_word' id='word_1_98' title='bbox 603 2537 752 2621; x_wconf 85' lang='lat' dir='ltr'><strong>suerunt,</strong></span> <span class='ocrx_word' id='word_1_99' title='bbox 778 2563 814 2604; x_wconf 83' lang='lat' dir='ltr'><strong>ac</strong></span> <span class='ocrx_word' id='word_1_100' title='bbox 836 2539 979 2627; x_wconf 85' lang='lat' dir='ltr'><strong>proximo</strong></span> <span class='ocrx_word' id='word_1_101' title='bbox 999 2540 1075 2603; x_wconf 89' lang='lat' dir='ltr'><strong>urbs</strong></span> <span class='ocrx_word' id='word_1_102' title='bbox 1094 2561 1127 2604; x_wconf 87' lang='lat' dir='ltr'><strong>ea</strong></span> <span class='ocrx_word' id='word_1_103' title='bbox 1147 2555 1179 2604; x_wconf 87' lang='lat' dir='ltr'><strong>et</strong></span> 
     </span>
     <span class='ocr_line' id='line_1_16' title="bbox 238 2655 1177 2750; baseline 0.002 -28"><span class='ocrx_word' id='word_1_104' title='bbox 238 2657 433 2748; x_wconf 85' lang='lat' dir='ltr'><strong>Franequera</strong></span> <span class='ocrx_word' id='word_1_105' title='bbox 453 2660 526 2744; x_wconf 82' lang='lat' dir='ltr'><strong>jure</strong></span> <span class='ocrx_word' id='word_1_106' title='bbox 550 2655 677 2723; x_wconf 87' lang='lat' dir='ltr'><strong>creandi</strong></span> <span class='ocrx_word' id='word_1_107' title='bbox 698 2657 890 2742; x_wconf 73' lang='lat' dir='ltr'><strong>magistratus</strong></span> <span class='ocrx_word' id='word_1_108' title='bbox 912 2657 1044 2750; x_wconf 86' lang='lat' dir='ltr'><strong>proprio</strong></span> <span class='ocrx_word' id='word_1_109' title='bbox 1060 2661 1177 2750; x_wconf 87' lang='lat' dir='ltr'><strong>potitae</strong></span> 
     </span>
     <span class='ocr_line' id='line_1_17' title="bbox 237 2775 1178 2871; baseline 0.004 -29"><span class='ocrx_word' id='word_1_110' title='bbox 237 2792 322 2842; x_wconf 87' lang='lat' dir='ltr'><strong>suut.</strong></span> <span class='ocrx_word' id='word_1_111' title='bbox 379 2775 562 2844; x_wconf 86' lang='lat' dir='ltr'><strong>Guilielmus</strong></span> <span class='ocrx_word' id='word_1_112' title='bbox 593 2793 696 2842; x_wconf 84' lang='lat' dir='ltr'><strong>autem</strong></span> <span class='ocrx_word' id='word_1_113' title='bbox 726 2775 777 2842; x_wconf 85' lang='lat' dir='ltr'><strong>die</strong></span> <span class='ocrx_word' id='word_1_114' title='bbox 814 2779 852 2846; x_wconf 84' lang='lat'><strong>12</strong></span> <span class='ocrx_word' id='word_1_115' title='bbox 883 2778 990 2845; x_wconf 87' lang='lat' dir='ltr'><strong>Martii</strong></span> <span class='ocrx_word' id='word_1_116' title='bbox 1022 2779 1178 2871; x_wconf 88' lang='lat' dir='ltr'><strong>impetum</strong></span> 
     </span>
     <span class='ocr_line' id='line_1_18' title="bbox 238 2893 1179 2983; baseline 0.006 -23"><span class='ocrx_word' id='word_1_117' title='bbox 238 2893 309 2961; x_wconf 84' lang='lat' dir='ltr'><strong>fieri</strong></span> <span class='ocrx_word' id='word_1_118' title='bbox 334 2897 374 2962; x_wconf 54' lang='lat' dir='ltr'><strong>in¹</strong></span> <span class='ocrx_word' id='word_1_119' title='bbox 397 2897 542 2962; x_wconf 89' lang='lat' dir='ltr'><strong>Marnam</strong></span> <span class='ocrx_word' id='word_1_120' title='bbox 560 2898 672 2983; x_wconf 90' lang='lat' dir='ltr'><strong>jussit,</strong></span> <span class='ocrx_word' id='word_1_121' title='bbox 704 2911 739 2962; x_wconf 89' lang='lat' dir='ltr'><strong>ut</strong></span> <span class='ocrx_word' id='word_1_122' title='bbox 774 2894 949 2963; x_wconf 85' lang='lat' dir='ltr'><strong>Ordinibus</strong></span> <span class='ocrx_word' id='word_1_123' title='bbox 975 2898 1179 2966; x_wconf 76' lang='lat' dir='ltr'><strong>Generalibuis</strong></span> 
     </span>
     <span class='ocr_line' id='line_1_19' title="bbox 237 3013 1178 3109; baseline 0.006 -29"><span class='ocrx_word' id='word_1_124' title='bbox 237 3039 290 3081; x_wconf 91' lang='lat' dir='ltr'><strong>sua</strong></span> <span class='ocrx_word' id='word_1_125' title='bbox 314 3016 431 3082; x_wconf 85' lang='lat' dir='ltr'><strong>tributa</strong></span> <span class='ocrx_word' id='word_1_126' title='bbox 455 3013 681 3109; x_wconf 80' lang='lat' dir='ltr'><strong>penderentur.</strong></span> <span class='ocrx_word' id='word_1_127' title='bbox 733 3013 885 3083; x_wconf 89' lang='lat' dir='ltr'><strong>lucendio</strong></span> <span class='ocrx_word' id='word_1_128' title='bbox 916 3014 1101 3083; x_wconf 86' lang='lat' dir='ltr'><strong>delebantur</strong></span> <span class='ocrx_word' id='word_1_129' title='bbox 1133 3018 1178 3086; x_wconf 90' lang='lat' dir='ltr'><strong>ibi</strong></span> 
     </span>
     <span class='ocr_line' id='line_1_20' title="bbox 238 3132 1177 3227; baseline 0.004 -27"><span class='ocrx_word' id='word_1_130' title='bbox 238 3132 347 3220; x_wconf 85' lang='lat' dir='ltr'><strong>aedes,</strong></span> <span class='ocrx_word' id='word_1_131' title='bbox 371 3157 471 3226; x_wconf 85' lang='lat' dir='ltr'><strong>quum</strong></span> <span class='ocrx_word' id='word_1_132' title='bbox 493 3135 580 3221; x_wconf 86' lang='lat' dir='ltr'><strong>Regii</strong></span> <span class='ocrx_word' id='word_1_133' title='bbox 601 3133 729 3218; x_wconf 89' lang='lat' dir='ltr'><strong>milites,</strong></span> <span class='ocrx_word' id='word_1_134' title='bbox 758 3136 873 3227; x_wconf 86' lang='lat' dir='ltr'><strong>passim</strong></span> <span class='ocrx_word' id='word_1_135' title='bbox 895 3138 930 3202; x_wconf 88' lang='lat' dir='ltr'><strong>in</strong></span> <span class='ocrx_word' id='word_1_136' title='bbox 957 3137 1084 3203; x_wconf 81' lang='lat' dir='ltr'><strong>castellis</strong></span> <span class='ocrx_word' id='word_1_137' title='bbox 1110 3135 1177 3204; x_wconf 89' lang='lat' dir='ltr'><strong>col-</strong></span> 
     </span>
     <span class='ocr_line' id='line_1_21' title="bbox 237 3253 1178 3347; baseline 0.002 -27"><span class='ocrx_word' id='word_1_138' title='bbox 237 3253 345 3339; x_wconf 89' lang='lat' dir='ltr'><strong>locati,</strong></span> <span class='ocrx_word' id='word_1_139' title='bbox 366 3270 543 3347; x_wconf 86' lang='lat' dir='ltr'><strong>comparata</strong></span> <span class='ocrx_word' id='word_1_140' title='bbox 567 3279 685 3338; x_wconf 88' lang='lat' dir='ltr'><strong>manu,</strong></span> <span class='ocrx_word' id='word_1_141' title='bbox 707 3257 741 3319; x_wconf 91' lang='lat' dir='ltr'><strong>in</strong></span> <span class='ocrx_word' id='word_1_142' title='bbox 760 3256 872 3320; x_wconf 67' lang='lat' dir='ltr'><strong>Frisios</strong></span> <span class='ocrx_word' id='word_1_143' title='bbox 891 3257 1062 3337; x_wconf 86' lang='lat' dir='ltr'><strong>irruerent,</strong></span> <span class='ocrx_word' id='word_1_144' title='bbox 1083 3272 1178 3346; x_wconf 87' lang='lat' dir='ltr'><strong>atque</strong></span> 
     </span>
     <span class='ocr_line' id='line_1_22' title="bbox 238 3372 1179 3466; baseline 0.001 -26"><span class='ocrx_word' id='word_1_145' title='bbox 238 3372 277 3440; x_wconf 83' lang='lat' dir='ltr'><strong>ad</strong></span> <span class='ocrx_word' id='word_1_146' title='bbox 302 3398 393 3441; x_wconf 83' lang='lat' dir='ltr'><strong>naves</strong></span> <span class='ocrx_word' id='word_1_147' title='bbox 415 3399 489 3442; x_wconf 88' lang='lat' dir='ltr'><strong>eum</strong></span> <span class='ocrx_word' id='word_1_148' title='bbox 517 3375 624 3466; x_wconf 83' lang='lat' dir='ltr'><strong>paucis</strong></span> <span class='ocrx_word' id='word_1_149' title='bbox 655 3375 783 3464; x_wconf 87' lang='lat' dir='ltr'><strong>captivis</strong></span> <span class='ocrx_word' id='word_1_150' title='bbox 804 3372 907 3438; x_wconf 76' lang='lat' dir='ltr'><strong>1cdirc</strong></span> <span class='ocrx_word' id='word_1_151' title='bbox 932 3390 1088 3459; x_wconf 85' lang='lat' dir='ltr'><strong>cogerent.</strong></span> <span class='ocrx_word' id='word_1_152' title='bbox 1128 3377 1179 3441; x_wconf 93' lang='lat' dir='ltr'><strong>Ibi</strong></span> 
     </span>
     <span class='ocr_line' id='line_1_23' title="bbox 240 3491 1178 3584; baseline -0.002 -22"><span class='ocrx_word' id='word_1_153' title='bbox 240 3494 427 3562; x_wconf 84' lang='lat' dir='ltr'><strong>Guilielmus</strong></span> <span class='ocrx_word' id='word_1_154' title='bbox 450 3491 600 3577; x_wconf 84' lang='lat' dir='ltr'><strong>militem,</strong></span> <span class='ocrx_word' id='word_1_155' title='bbox 624 3493 702 3584; x_wconf 90' lang='lat' dir='ltr'><strong>qui,</strong></span> <span class='ocrx_word' id='word_1_156' title='bbox 723 3494 828 3559; x_wconf 88' lang='lat' dir='ltr'><strong>omnia</strong></span> <span class='ocrx_word' id='word_1_157' title='bbox 851 3493 909 3557; x_wconf 91' lang='lat' dir='ltr'><strong>sibi</strong></span> <span class='ocrx_word' id='word_1_158' title='bbox 931 3494 964 3556; x_wconf 91' lang='lat' dir='ltr'><strong>in</strong></span> <span class='ocrx_word' id='word_1_159' title='bbox 987 3492 1091 3559; x_wconf 90' lang='lat' dir='ltr'><strong>hostili</strong></span> <span class='ocrx_word' id='word_1_160' title='bbox 1115 3494 1178 3560; x_wconf 86' lang='lat' dir='ltr'><strong>solo</strong></span> 
     </span>
     <span class='ocr_line' id='line_1_24' title="bbox 234 3611 1175 3698; baseline -0.002 -18"><span class='ocrx_word' id='word_1_161' title='bbox 234 3615 330 3682; x_wconf 86' lang='lat' dir='ltr'><strong>licere</strong></span> <span class='ocrx_word' id='word_1_162' title='bbox 350 3611 500 3698; x_wconf 84' lang='lat' dir='ltr'><strong>credens,</strong></span> <span class='ocrx_word' id='word_1_163' title='bbox 523 3613 688 3680; x_wconf 87' lang='lat' dir='ltr'><strong>mulierem</strong></span> <span class='ocrx_word' id='word_1_164' title='bbox 709 3611 889 3695; x_wconf 83' lang='lat' dir='ltr'><strong>violaverat,</strong></span> <span class='ocrx_word' id='word_1_165' title='bbox 910 3628 946 3676; x_wconf 90' lang='lat' dir='ltr'><strong>ut</strong></span> <span class='ocrx_word' id='word_1_166' title='bbox 967 3612 1091 3678; x_wconf 86' lang='lat' dir='ltr'><strong>meliora</strong></span> <span class='ocrx_word' id='word_1_167' title='bbox 1113 3611 1175 3678; x_wconf 86' lang='lat' dir='ltr'><strong>do-</strong></span> 
     </span>
     <span class='ocr_line' id='line_1_25' title="bbox 240 3730 1177 3826; baseline 0.001 -28"><span class='ocrx_word' id='word_1_168' title='bbox 240 3751 386 3800; x_wconf 86' lang='lat' dir='ltr'><strong>cerentur</strong></span> <span class='ocrx_word' id='word_1_169' title='bbox 415 3737 485 3817; x_wconf 89' lang='lat' dir='ltr'><strong>sui,</strong></span> <span class='ocrx_word' id='word_1_170' title='bbox 521 3731 672 3826; x_wconf 91' lang='lat' dir='ltr'><strong>suspendi</strong></span> <span class='ocrx_word' id='word_1_171' title='bbox 700 3734 802 3820; x_wconf 85' lang='lat' dir='ltr'><strong>jussit.</strong></span> <span class='ocrx_word' id='word_1_172' title='bbox 848 3733 990 3798; x_wconf 90' lang='lat' dir='ltr'><strong>Nuncius</strong></span> <span class='ocrx_word' id='word_1_173' title='bbox 1013 3733 1041 3797; x_wconf 91' lang='lat' dir='ltr'><strong>ei</strong></span> <span class='ocrx_word' id='word_1_174' title='bbox 1062 3730 1177 3799; x_wconf 85' lang='lat' dir='ltr'><strong>deinde</strong></span> 
     </span>
     <span class='ocr_line' id='line_1_26' title="bbox 240 3850 1175 3940; baseline 0 -22"><span class='ocrx_word' id='word_1_175' title='bbox 240 3854 446 3937; x_wconf 86' lang='lat' dir='ltr'><strong>afferebatur,</strong></span> <span class='ocrx_word' id='word_1_176' title='bbox 470 3852 692 3940; x_wconf 83' lang='lat' dir='ltr'><strong>Verdugonem</strong></span> <span class='ocrx_word' id='word_1_177' title='bbox 713 3877 788 3919; x_wconf 79' lang='lat' dir='ltr'><strong>curn</strong></span> <span class='ocrx_word' id='word_1_178' title='bbox 810 3854 932 3919; x_wconf 88' lang='lat' dir='ltr'><strong>Comitc</strong></span> <span class='ocrx_word' id='word_1_179' title='bbox 953 3850 1117 3937; x_wconf 85' lang='lat' dir='ltr'><strong>Edsardo,</strong></span> <span class='ocrx_word' id='word_1_180' title='bbox 1141 3855 1175 3918; x_wconf 89' lang='lat' dir='ltr'><strong>in</strong></span> 
     </span>
    </p>
   </div>
   <div class='ocr_carea' id='block_1_3' title="bbox 239 3972 1174 4066">
    <p class='ocr_par' dir='ltr' id='par_1_3' title="bbox 239 3972 1174 4066">
     <span class='ocr_line' id='line_1_27' title="bbox 239 3972 1174 4066; baseline 0.001 -29"><span class='ocrx_word' id='word_1_181' title='bbox 239 3975 363 4060; x_wconf 85' lang='lat' dir='ltr'><strong>&#39;regione</strong></span> <span class='ocrx_word' id='word_1_182' title='bbox 386 3975 640 4040; x_wconf 86' lang='lat' dir='ltr'><strong>Transamasiana</strong></span> <span class='ocrx_word' id='word_1_183' title='bbox 661 3975 856 4066; x_wconf 84' lang='lat' dir='ltr'><strong>imperante,</strong></span> <span class='ocrx_word' id='word_1_184' title='bbox 889 3972 968 4040; x_wconf 88' lang='lat' dir='ltr'><strong>clam</strong></span> <span class='ocrx_word' id='word_1_185' title='bbox 1001 3997 1106 4059; x_wconf 84' lang='lat' dir='ltr'><strong>agere,</strong></span> <span class='ocrx_word' id='word_1_186' title='bbox 1139 3991 1174 4038; x_wconf 92' lang='lat' dir='ltr'><strong>ut</strong></span> 
     </span>
    </p>
   </div>
   <div class='ocr_carea' id='block_1_4' title="bbox 241 4089 1175 4180">
    <p class='ocr_par' dir='ltr' id='par_1_4' title="bbox 241 4089 1175 4180">
     <span class='ocr_line' id='line_1_28' title="bbox 241 4089 1175 4180; baseline -0.004 -22"><span class='ocrx_word' id='word_1_187' title='bbox 241 4118 314 4159; x_wconf 87' lang='lat' dir='ltr'><strong>oum</strong></span> <span class='ocrx_word' id='word_1_188' title='bbox 333 4096 414 4160; x_wconf 90' lang='lat' dir='ltr'><strong>bona</strong></span> <span class='ocrx_word' id='word_1_189' title='bbox 436 4096 502 4180; x_wconf 85' lang='lat' dir='ltr'><strong>ejus</strong></span> <span class='ocrx_word' id='word_1_190' title='bbox 524 4095 612 4160; x_wconf 85' lang='lat' dir='ltr'><strong>venia</strong></span> <span class='ocrx_word' id='word_1_191' title='bbox 634 4091 792 4159; x_wconf 87' lang='lat' dir='ltr'><strong>castellum</strong></span> <span class='ocrx_word' id='word_1_192' title='bbox 811 4117 827 4157; x_wconf 90' lang='lat' dir='ltr'><strong>e</strong></span> <span class='ocrx_word' id='word_1_193' title='bbox 846 4093 970 4176; x_wconf 80' lang='lat' dir='ltr'><strong>regione</strong></span> <span class='ocrx_word' id='word_1_194' title='bbox 991 4089 1175 4158; x_wconf 89' lang='lat' dir='ltr'><strong>Otterdumi</strong></span> 
     </span>
    </p>
   </div>
   <div class='ocr_carea' id='block_1_5' title="bbox 0 0 1732 5658">
    <p class='ocr_par' dir='ltr' id='par_1_5' title="bbox 0 0 1732 5658">
     <span class='ocr_line' id='line_1_29' title="bbox 0 0 1732 5658; baseline 0 2"><span class='ocrx_word' id='word_1_195' title='bbox 0 0 1732 5658; x_wconf 95' lang='lat' dir='ltr'><strong> </strong></span> 
     </span>
    </p>
   </div>
  </div>
 </body>
</html>
