3454 5658
743 855 785 902 tu

285 1033 318 1076 ee
332 983 351 1078 ι’
379 1007 457 1103 quid
491 1011 551 1098 sit,
586 1007 778 1102 perturbetis
808 1011 910 1078 vivere
939 1010 1150 1104 temporibus,
1175 1011 1230 1078 tud

282 1133 351 1219 jam
371 1145 468 1198 aetate
485 1145 633 1224 expertus
654 1153 706 1198 es:
743 1153 832 1196 ausus
858 1145 894 1196 tu
915 1127 992 1196 adeo
1013 1153 1046 1196 es
1070 1155 1132 1198 una
1158 1153 1233 1198 cum

288 1252 480 1344 optimarum
527 1252 639 1316 artium
686 1251 794 1328 sociis,
844 1250 977 1316 strenuis
1021 1247 1229 1318 adolescenti-

288 1373 369 1456 bus,
393 1395 453 1462 pro
474 1371 573 1462 patrii
602 1393 686 1438 artua
714 1367 866 1436 induerer
892 1385 923 1434 te
945 1392 1001 1456 ego
1021 1366 1085 1436 vidi
1106 1370 1144 1446 in,
1160 1368 1228 1436 avi*

285 1507 333 1558 tae
358 1492 475 1584 patrina
503 1489 643 1570 finibus,
667 1487 723 1556 hos
748 1513 822 1556 oum
854 1488 1119 1557 commilitonibus
1140 1489 1229 1577 traji-

219 1616 221 1622 '
287 1631 378 1693 cem,
403 1625 439 1676 ut
463 1625 497 1676 tu
521 1609 597 1676 item
626 1609 660 1674 in
689 1607 793 1676 hostili
821 1609 968 1695 regione,
991 1604 1087 1676 modo
1112 1608 1234 1692 amica,

286 1751 423 1796 caussam
448 1729 583 1821 patriae,
616 1729 679 1794 imo
706 1727 828 1795 virtutis
849 1743 945 1821 atque
964 1725 1135 1794 honestatis
1160 1741 1233 1794 tue-

286 1871 373 1915 rem:
419 1849 552 1932 novisti,
592 1847 783 1916 carissimum
826 1863 942 1940 caput,
988 1847 1100 1914 novisti
1135 1871 1233 1937 reque

284 1981 432 2060 expertus
455 1991 506 2052 es,
531 1965 612 2058 quid
636 1969 697 2050 sit,
721 1969 814 2034 morti
839 1968 884 2034 ire
906 1968 1054 2050 obviam,
1079 1981 1148 2032 tum
1172 1991 1229 2034 ve-

282 2108 319 2152 ro
352 2109 460 2152 rursus
488 2087 603 2164 etium,
637 2083 717 2176 quid
749 2085 809 2168 sit,
847 2086 996 2176 sospitem
1031 2099 1062 2150 et
1101 2084 1228 2152 ineolu-

281 2227 386 2274 mem,
436 2227 469 2268 re
501 2203 582 2270 bene
618 2205 724 2290 gesta,
767 2229 841 2270 cum
872 2205 1010 2272 exercitu
1043 2207 1161 2275 victore
1192 2208 1226 2272 iu

286 2323 421 2414 patriam
443 2319 482 2388 ed
505 2339 648 2415 parentes
674 2340 884 2416 cognatosque
907 2322 1018 2392 tedire.
1060 2327 1229 2395 Victoriam

285 2441 369 2510 hano
403 2465 480 2526 vos,
515 2444 641 2534 auspice
673 2446 760 2526 Deo,
788 2443 957 2512 i'ortissimo
991 2443 1086 2528 duci,
1122 2445 1229 2514 Arun-
1294 2431 1298 2438 ⁴

280 2563 415 2628 sinitensi
437 2578 544 2628 nostro
568 2563 709 2654 Principi
732 2561 872 2638 debetis.
906 2565 939 2630 in
963 2589 1060 2656 quem
1084 2567 1227 2660 apprime

282 2696 318 2746 tu
347 2679 422 2748 soles
444 2678 522 2746 illud
541 2681 579 2748 C.
602 2679 674 2748 Juiii
698 2682 834 2748 Caesaris
855 2681 1109 2767 accommodare,
1133 2690 1228 2766 veui,

282 2799 372 2884 vidi,
395 2803 476 2868 viri:
505 2801 586 2892 quin
609 2800 705 2890 hujus
736 2818 770 2868 tu
793 2799 883 2870 ducis
908 2804 1017 2886 vestri,
1041 2801 1129 2896 quod
1152 2805 1223 2870 ani-

282 2945 352 2988 mus
394 2937 424 2988 te
458 2937 564 3008 glutus
596 2922 714 3010 jubet,
757 2947 910 3014 proavum
944 2921 1034 2990 illum
1070 2921 1225 2990 illustrem

282 3040 442 3110 oelebras‘i
459 3043 479 3068 '⁹
512 3079 556 3092 -
589 3042 672 3108 Haeo
698 3065 775 3128 ego,
799 3063 858 3108 neo
889 3040 1001 3110 semel,
1028 3037 1082 3108 sed
1108 3042 1227 3134 saepius

282 3159 455 3228 identidem
479 3176 511 3228 et
532 3161 638 3252 quavis
661 3158 733 3228 datu
764 3162 1019 3253 opportunitate,
1053 3162 1115 3228 sive
1140 3156 1227 3226 domi

281 3305 415 3348 essemus
436 3307 521 3362 uua,
544 3303 598 3346 seu
625 3280 658 3346 in
677 3305 789 3366 agrum
807 3303 1069 3363 excurreremus,
1089 3279 1151 3346 sive
1172 3277 1227 3346 soli

282 3401 366 3468 inter
395 3424 452 3468 nos
483 3424 666 3487 ageremus,
700 3416 807 3466 senet
830 3416 928 3466 mator
951 3415 983 3466 et
1002 3397 1111 3466 smtres
1134 3424 1223 3468 soto·

280 3543 392 3610 resque
413 3521 616 3586 interessent=
655 3519 777 3612 quippe
801 3515 920 3586 reditus
954 3543 1005 3586 me
1038 3521 1084 3586 tui
1111 3535 1143 3586 et
1167 3520 1222 3586 in-

280 3638 463 3706 columitatis
486 3639 634 3706 memoria
664 3637 703 3704 ad
729 3637 908 3732 usurpanda
940 3637 988 3705 illa
1018 3637 1223 3730 itgtuandaque

280 3760 433 3828 excitabat
453 3775 617 3852 perpetuo.
672 3761 725 3824 Tu
751 3783 824 3826 vero
854 3757 894 3824 ad
927 3757 1025 3842 haec,
1062 3759 1117 3848 qui
1151 3774 1222 3824 tuus

278 3903 340 3946 esse
361 3904 426 3948 mos
447 3877 593 3962 videtur,
627 3880 676 3947 vix
709 3878 888 3970 quidquam
918 3875 1129 3970 respondere,
1165 3875 1219 3943 sed

277 4025 366 4086 agero
398 3999 537 4082 silentio,
581 4000 666 4090 opmi
705 4001 824 4064 naviter
860 3999 1020 4080 insistere,
1060 4021 1116 4062 nec
1148 4021 1220 4060 veru

278 4120 464 4202 involando,
487 4119 541 4186 sut
570 4118 797 4208 progrediendo
825 4117 1036 4212 potietentim,
1062 4118 1216 4182 festivum-
