3456 5676
641 961 696 1030 195

189 1129 334 1201 omnium
356 1134 625 1228 perturbationem
646 1133 824 1220 incidebat,
871 1135 968 1227 qualis
995 1139 1134 1204 exsistere

190 1247 287 1334 solet,
311 1253 433 1343 quoties
467 1275 484 1318 e
517 1253 665 1321 servitute
696 1279 803 1323 reeens
835 1256 959 1324 libertas
987 1259 1135 1326 exoritur.

192 1359 303 1457 Finges
325 1371 382 1438 tibi
406 1371 509 1440 animo
531 1387 675 1462 gentem,
700 1400 779 1465 quae
792 1391 827 1442 ut
839 1378 990 1462 Frisiaea,
1013 1400 1051 1444 ex
1070 1401 1135 1469 quo

190 1487 319 1580 prodire
344 1491 377 1557 in
401 1491 593 1586 populorum
617 1495 794 1562 societatem
819 1497 941 1588 eoepit,
987 1495 1136 1562 libertatis

188 1606 293 1676 studia
313 1613 462 1702 spiravit,
485 1613 661 1702 subjectam
679 1613 873 1706 aliquamdiu
893 1616 1008 1682 alienae
1028 1613 1134 1683 domi·

191 1728 329 1811 nationi,
351 1727 406 1796 sed
428 1753 467 1798 ex
488 1729 536 1798 his
561 1732 692 1801 vinculis
720 1735 851 1828 propria
875 1735 906 1802 ri
930 1751 962 1801 et
982 1733 1137 1801 alacritate

187 1845 341 1917 solutama
379 1850 470 1940 quis,
493 1873 628 1941 quaeso,
649 1851 709 1918 erit
731 1851 938 1920 moderandae
961 1855 1028 1940 ejus
1051 1869 1134 1919 tem·-

192 1968 413 2062 perandaeque
435 1968 565 2056 modus,
589 1993 670 2062 quae
688 1971 847 2059 regundae
863 1974 965 2040 ratio?
1010 1973 1138 2039 Rectam

188 2089 327 2155 instituit
355 2091 582 2183 usur-pavitque
612 2089 817 2175 Guilielmus,
847 2093 903 2182 qui
928 2091 1040 2180 spretis
1062 2112 1135 2157 rno-

187 2207 286 2278 lestiis
307 2207 449 2301 odiisque
471 2210 631 2294 naauimis,
654 2233 728 2280 eum
745 2209 989 2278 Gubernationis
1011 2233 1137 2276 cursum

192 2339 299 2394 tenere
308 2329 477 2422 potuit,ut
487 2330 667 2423 represserit
676 2327 890 2397 malivolorum
901 2325 1138 2418 studia,neque

190 2445 306 2514 frustra
337 2447 371 2515 in
400 2447 603 2540 provehenda
635 2449 745 2544 populi
776 2449 872 2516 salute
902 2447 1070 2516 elaborasse
1100 2447 1140 2512 sit

189 2563 377 2634 oensendus.
421 2566 539 2659 Quid?
564 2565 652 2661 quod
675 2570 763 2638 brevi
784 2567 897 2638 eodem
917 2583 1041 2636 auctore
1063 2581 1139 2632 tan-

193 2699 258 2752 tam
291 2687 381 2754 Frisii
414 2687 647 2778 schsiverunt
676 2690 741 2758 vim
771 2705 804 2756 et
834 2688 1065 2770 auctonutem,
1101 2699 1138 2750 ur

190 2806 338 2899 superbia
360 2804 471 2891 ducti,
495 2806 659 2898 separandi
687 2832 719 2876 se
745 2834 763 2877 a
786 2806 944 2878 foederata
966 2803 1137 2899 Republica

191 2925 270 2992 aeria
290 2925 416 2994 consilia
437 2930 596 3014 agitarent·

198 3097 200 3104 ,
239 3044 428 3132 Hujusmodi
450 3044 528 3139 quid
551 3047 641 3117 initio
658 3051 733 3116 anni
759 3051 862 3134 1586,
884 3063 956 3140 post
977 3049 1136 3114 Boxum-

194 3187 268 3236 ttam
287 3162 425 3249 cladem,
447 3164 599 3234 redeunte
618 3191 657 3235 ex
670 3166 833 3236 llollandla
846 3165 1030 3250 Guilielmo,
1052 3167 1135 3232 Pro-

194 3309 305 3352 cerum
326 3287 520 3351 sermonibus
537 3287 692 3374 jaetatum
714 3286 835 3372 suerat3
860 3308 896 3353 ae
917 3302 985 3352 tum
1009 3281 1138 3376 quidem

193 3429 236 3472 ex
272 3401 479 3498 trepidatione
513 3429 640 3494 trragna,
677 3429 758 3497 quae
777 3422 849 3499 post
875 3403 999 3473 foedam
1020 3407 1137 3500 Hispa-

197 3526 343 3593 nieorum
368 3522 531 3592 libidinem
561 3542 593 3592 et
623 3523 838 3595 crudelitatem
867 3521 1037 3593 Frisiorum
1064 3524 1136 3590 ani-

195 3669 264 3714 mos
286 3646 454 3729 invaserat,
477 3647 582 3714 subito
603 3663 707 3715 ortum
728 3647 969 3714 existimabatur.
1022 3645 1137 3712 Perhi-

197 3761 316 3832 bsbaut
335 3763 467 3856 quidem
484 3765 605 3836 consilii
614 3783 768 3852 auctores,
781 3765 905 3834 hostiles
915 3767 1058 3833 incursus
1066 3789 1136 3832 me·

194 3875 257 3951 lius
276 3883 463 3976 firmiusque
487 3909 552 3954 non
564 3909 663 3978 <posse
683 3886 866 3982 prohiberi,
888 3911 983 3975 quarn
999 3887 1070 3953 siin
1082 3887 1136 3952 in·
1183 3897 1187 3906 “

198 4001 283 4071 sulae
316 4003 448 4072 sormam
474 3999 568 4070 Frisia
598 4004 809 4094 redigeretur,
843 4007 1009 4072 submersis
1039 4005 1138 4092 agris,

200 4125 260 4216 qui
281 4124 386 4190 minus
410 4139 510 4191 essent
531 4122 701 4194 feraciores.
745 4125 959 4195 Veruntamen
980 4126 1005 4190 si
1026 4121 1066 4190 ad
1087 4147 1138 4208 ea,

198 4265 281 4331 quae
305 4257 409 4330 postea
434 4238 634 4326 acciderunt,
668 4239 873 4326 attendimus,
908 4243 933 4307 si
960 4237 1137 4310 considera*

969 4361 1030 4424 13*
