3408 5664
652 835 711 908 itt

211 1035 287 1087 ram
302 1013 412 1110 'copiae
426 1017 455 1082 ‘si
479 1013 639 1084 occidione
655 1015 862 1101 delerentur,
894 1023 947 1082 an't
965 1001 1053 1083 'clade
1078 1001 1148 1078 aina

212 1155 363 1208 ementur
384 1137 526 1216 minore,
551 1151 671 1202 metum
695 1157 776 1218 esse,
811 1158 851 1200 ne
882 1129 1018 1228 populus
1049 1131 1152 1198 animo

218 1254 446 1351 desponderet,
480 1269 650 1322 vastaretur
681 1273 774 1340 ager,
806 1251 956 1319 exsularet
983 1249 1152 1316 ditissimus

218 1375 354 1468 quisque
392 1390 567 1456 mereator,
606 1372 697 1472 ¹nulla
739 1388 910 1465 superesset
952 1370 1054 1437 ‘salutis
1097 1371 1155 1436 viat

220 1491 344 1585 Quodsi
371 1517 443 1562 vero
467 1491 510 1559 'ad
542 1489 776 1580 confligendum
801 1517 817 1562 a
846 1489 997 1560 Mendosa
1022 1490 1152 1557 lacesse·-

220 1627 354 1696 rentur,
375 1627 444 1678 tum
467 1637 606 1704 pugnam
626 1635 691 1679 non
713 1609 958 1695 detractatae-as,
986 1609 1040 1676 sed
1062 1609 1155 1680 sortes

220 1753 253 1798 se
276 1747 429 1822 praestate
448 1731 482 1797 in
504 1733 568 1798 acie
590 1749 712 1823 paratos
735 1756 807 1800 esse.

222 1881 224 1888 ⁴
267 1853 350 1920 Haeo
373 1851 489 1918 temetsi
512 1849 551 1916 ad
575 1849 864 1916 absterrendosare
873 1853 1008 1943 ancipite
1020 1849 1158 1916 Ordines

220 1972 457 2054 errunoiassent,
479 1985 661 2062 supererant
679 1987 803 2053 tamen,
822 1971 877 2060 qui
887 1969 1003 2036 bellum
1013 1967 1090 2036 adeo
1099 1993 1157 2034 ur-

221 2107 351 2178 gerent,
370 2106 407 2156 ut
430 2085 569 2156 Mauritii
591 2088 730 2155 animum
747 2095 996 2180 expugnassent,
1019 2089 1077 2154 taisi
1095 2087 1157 2155 fir-

218 2210 317 2276 miter
334 2208 502 2277 sententiae
528 2231 598 2274 suae
619 2206 803 2274 adhaesisset
834 2206 1041 2290 (inilia-lmus,
1078 2223 1159 2276 certa

219 2326 329 2396 dubiis
338 2343 553 2420 anteponens,
576 2325 761 2417 prudentiae
779 2325 942 2412 laudator,
961 2341 993 2394 et
1012 2354 1028 2394 a
1051 2327 1158 2395 oslen-

224 2451 308 2516 tibus
344 2446 476 2515 oousiliis
508 2471 630 2514 aversus
665 2469 799 2540 semper.
867 2445 912 2515 At
952 2469 1025 2514 vero
1061 2468 1161 2538 quum

224 2565 330 2660 puello
349 2581 421 2659 post
442 2563 613 2649 Mondou,
649 2563 802 2658 praesidio
832 2565 942 2633 relicto
974 2567 1008 2632 in
1039 2565 1162 2636 castello

225 2680 417 2769 Andreano,
438 2685 478 2751 ab
500 2681 628 2752 Andros
649 2675 836 2770 Austataoo,
862 2687 920 2777 qui
940 2710 1083 2779 praesens
1113 2707 1161 2756 res

223 2805 376 2890 curabat,
404 2819 580 2890 exsuuotn,
615 2805 649 2872 in
681 2807 878 2873 Brabantiam
904 2830 936 2872 se
960 2809 1161 2896 conjecisset,

224 2947 293 2992 nou
323 2920 424 2990 defuit
454 2925 606 2994 occasioni
636 2926 816 2995 Mauritius:
850 2926 907 3018 qui
936 2927 1101 2996 confestim
1124 2951 1162 2996 ex

226 3043 382 3112 Vornensi
402 3043 499 3110 insede
524 3035 728 3114 Guilielmum
746 3045 954 3114 Dotooomum
972 3071 1046 3116 oum
1062 3049 1162 3138 quin-

229 3164 378 3255 quaginta
406 3165 572 3248 centuriis,
607 3180 638 3230 et
667 3179 788 3257 septem
817 3166 927 3232 tramis
948 3185 1163 3258 expugnatum

204 3283 336 3350 ‘mittit
379 3282 439 3350 Hic
462 3279 513 3348 die
539 3283 576 3350 13
598 3279 720 3350 Sextilis
743 3298 841 3350 castra
863 3281 903 3349 ad
924 3285 1036 3350 urbem
1060 3303 1162 3353 meta-

227 3417 302 3488 tur,
328 3417 360 3469 et
383 3401 587 3490 grasmutibus
605 3401 760 3469 imbribus
781 3402 927 3471 inchoato
945 3404 1163 3474 cuniculorum

216 3543 323 3616 opere
362 3536 395 3589 et
423 3521 621 3607 oontinuato,
659 3522 741 3588 intra
772 3519 913 3590 uidumn
948 3524 1059 3592 urbem
1090 3551 1164 3595 oum

216 3639 334 3708 ·vieioo
363 3637 484 3708 rastello
510 3639 735 3729 Souleuborgio
762 3665 954 3734 quamquam
983 3643 1164 3714 abundante

231 3760 317 3828 victu
338 3757 378 3825 ad
397 3756 588 3830 deditionem
609 3762 699 3848 oogit.
745 3758 840 3828 Unde
870 3763 974 3830 subito
1003 3764 1038 3830 in
1069 3783 1165 3834 eastra

234 3881 464 3949 Germanomm
476 3930 486 3964 ,
526 3882 560 3948 in
595 3881 721 3978 quibus,
747 3879 964 3974 Hohenlojus‚
999 3883 1164 3954 Solmensis

234 3999 345 4092 aliique
382 3998 422 4066 de
453 3999 635 4094 principatu
676 3999 928 4086 contendebant,
978 4019 1165 4098 tempusque

233 4121 267 4186 in
286 4121 379 4187 Resae
402 4117 533 4212 oppidi,
556 4119 668 4186 Rheno
686 4119 875 4207 adjacentis,
899 4117 1059 4190 obsidione
1079 4140 1163 4191 tere-
1201 4145 1204 4154 ·
