3408 5664
554 1046 622 1114 lites
654 1046 892 1129 hinnierunt,
925 1044 1118 1114 enudnsnt
1188 1043 1308 1114 Adesu
1339 1047 1400 1118 uris
1430 1041 1503 1137 cpe-¹

553 1182 585 1235 st
610 1165 755 1247 consilio,
782 1174 887 1255 neque
905 1163 1028 1232 diurnis
1049 1166 1276 1256 nocturnisque
1297 1164 1492 1236 exhortatio-

550 1287 645 1352 nibus
667 1285 850 1350 abstinebat.
902 1284 1008 1354 Multo
1030 1281 1105 1352 dein
1123 1300 1263 1376 tempore
1285 1286 1321 1354 in
1341 1283 1490 1358 uniendis

547 1403 705 1496 specubus
729 1419 857 1488 exacto,
885 1420 1055 1495 postquam
1087 1405 1217 1472 trecenti
1248 1403 1359 1477 nitius
1391 1421 1489 1473 noctu

547 1521 629 1588 clam
649 1524 684 1588 in
706 1520 865 1614 oppidum
884 1524 1093 1614 irrepserunt,
1116 1540 1148 1590 et
1168 1523 1281 1592 fnrstru
1301 1523 1488 1614 Coquellus,

547 1658 691 1708 suenrus
706 1641 851 1732 prucsidii
867 1642 1060 1734 praefectus,
1080 1667 1194 1734 aeques
1209 1640 1402 1716 conducas
1419 1645 1484 1714 im-

545 1776 670 1854 petrare
691 1777 884 1852 spernrcrnt,
907 1759 1114 1853 oppugnandi
1130 1761 1191 1828 loci
1218 1761 1341 1831 consiliu
1363 1763 1483 1848 agitate·

544 1881 676 1972 Vesperi
702 1879 886 1948 Guilielmus
908 1904 1015 1947 omncs
1040 1880 1216 1948 cohortium
1241 1905 1368 1954 suarum
1386 1905 1482 1972 prece·

543 1999 638 2064 fectus
664 1999 870 2088 tribunosque
892 2000 927 2065 in
950 2001 1122 2080 tentorium
1145 2003 1245 2086 cogit,
1279 2025 1315 2068 uc
1336 2025 1391 2074 sun
1409 2025 1483 2076 curn

541 2118 668 2204 siugulis
690 2125 857 2210 prne'oeptu
881 2120 1101 2186 communicat.
1144 2117 1199 2188 Ad
1223 2119 1302 2193 hnec
1325 2122 1381 2187 tria
1402 2122 1480 2194 uni·

541 2240 621 2305 versi
642 2237 841 2304 attenderent
863 2236 1039 2308 mundavit:
1063 2241 1151 2306 utin
1171 2241 1407 2330 expugnationis
1425 2265 1479 2306 nr„
1585 2271 1592 2276 -

541 2356 619 2424 dore
636 2357 741 2424 ordini
755 2357 986 2445 adstringerent
1000 2358 1130 2441 milites,
1146 2382 1250 2449 neque
1265 2359 1479 2450 1upiuispriru

539 2476 740 2564 indulgerent
775 2501 870 2570 quarn
911 2479 1056 2544 victorin*
1076 2494 1159 2546 certa
1185 2493 1285 2561 essetg
1321 2494 1358 2550 ut
1382 2476 1480 2554 ‚ilhesi

537 2596 711 2664 emilitum
730 2596 891 2663 insolentis
918 2621 1004 2664 senes
1035 2613 1067 2662 et
1096 2596 1230 2668 infantes
1258 2613 1474 2682 serruentur3

535 2733 573 2782 ut
593 2740 633 2782 ne
652 2719 788 2807 turpiter
803 2717 946 2784 mulieres
961 2717 1143 2810 puellaeque
1158 2717 1355 2797 violarentur.
1388 2721 1478 2790 Tum

535 2837 707 2928 (loquellus
728 2838 843 2902 iterum
865 2838 1032 2922 transigere
1053 2859 1127 2904 cum
1158 2835 1246 2907 hoste
1266 2835 1364 2918 velte,
1395 2861 1475 2927 pro-

535 2979 654 3048 ponere
674 2955 744 3020 nliss
765 2955 900 3046 eliasque
920 2954 1009 3042 leges.
1065 2954 1129 3024 Sed
1150 2958 1317 3024 Mamilius
1339 2956 1472 3030 Guiliel-

531 3097 667 3166 musque
687 3074 925 3166 expugnationis
942 3075 1072 3161 jamjam
1092 3074 1214 3142 intusne
1236 3073 1396 3150 commoda
1416 3099 1473 3167 spe

532 3195 780 3286 praecipientes,
802 3194 837 3260 in
857 3194 1017 3284 proposito
1037 3195 1261 3284 perstiterunt,
1283 3191 1386 3268 donec
1397 3211 1470 3260 tan·-

531 3312 624 3397 dem,
657 3311 871 3382 intercedente
899 3311 1062 3381 Ordinum
1091 3312 1210 3380 Senatu
1237 3329 1331 3402 utqroe
1358 3315 1413 3384 abs
1435 3337 1470 3380 re

528 3430 666 3498 ducente
689 3430 729 3498 ud
757 3435 866 3500 incites
887 3433 1010 3502 hostem
1029 3431 1148 3519 redigi,
1171 3431 1222 3500 die
1243 3434 1283 3498 uh
1302 3431 1472 3508 obsidionis

528 3553 618 3618 initio
634 3552 788 3638 trigesimo
803 3568 912 3619 octavo
923 3553 1075 3642 utrinque
1086 3549 1251 3622 deditionis
1258 3551 1340 3638 leges
1348 3577 1468 3628 conve-

528 3673 645 3736 nirent.
680 3673 747 3738 Huc
758 3671 888 3738 victorii
899 3671 1080 3762 reportati,
1096 3669 1343 3761 disceptabatur,
1360 3687 1469 3748 utrum

527 3791 674 3882 persequi
689 3789 825 3874 bellum,
844 3815 884 3854 nn
899 3791 935 3856 in
953 3787 1106 3882 prsesidia
1121 3789 1232 3858 milites
1251 3813 1465 3882 cogsreprne-

526 3923 629 3974 steret.
686 3909 792 3975 Priore
824 3911 974 3976 sententis
1009 3911 1159 4002 probate,
1194 3934 1260 3979 non
1297 3911 1464 3990 convenit,

526 4030 650 4096 cuinam
671 4029 869 4121 potissimum
890 4030 962 4094 urbi
983 4030 1138 4120 impetum
1154 4028 1284 4094 ferrent.
1327 4030 1465 4094 Instabat

526 4147 725 4233 Guilidmus,
744 4147 936 4218 Covcrdirun
952 4146 1335 4239 illicoteude1ent,quod
1352 4143 1461 4214 eodem
