3456 5676
672 904 728 986 191

236 1092 386 1159 rientium
405 1095 541 1174 famem,
564 1093 776 1178 gratissimum
796 1106 871 1156 erat.
905 1077 1030 1158 Avarus
1044 1114 1170 1156 rerum-

234 1235 296 1301 que
322 1210 454 1304 cupidns
476 1229 508 1277 et
537 1212 732 1294 ambitiosos,
766 1227 875 1302 utpote
899 1211 1077 1300 quiessent
1102 1209 1169 1276 dis-

232 1330 409 1398 cordiarum
437 1345 592 1414 auctores,
615 1329 688 1397 odio
718 1331 863 1396 babebat.
918 1329 1174 1396 Excandescebat

230 1450 365 1517 subinde
386 1452 456 1534 ira,
490 1448 639 1540 siquid,
671 1449 759 1540 quod
783 1448 872 1516 valde
901 1451 1049 1541 iniquum
1079 1449 1171 1514 vide-

231 1587 339 1653 retur,
371 1571 554 1654 obveniret3
589 1567 643 1634 sed
674 1567 907 1660 reprehendere
929 1568 964 1634 id
986 1571 1028 1634 ob
1057 1573 1174 1636 acerri-

234 1716 324 1756 mum
355 1691 493 1778 justitiae
522 1714 670 1772 sensum,
716 1715 813 1782 quam
846 1690 1000 1755 humanae
1024 1693 1175 1758 societatis

235 1812 490 1876 conservatricem
530 1809 687 1892 habebat,
733 1807 819 1876 nullo
857 1808 953 1875 modo
988 1834 1174 1900 possumus:

235 1931 416 2020 praesertim
439 1931 625 2018 quumirae
647 1953 713 1995 non
744 1927 943 2014 indulgeret,
978 1929 1033 1994 sed
1064 1930 1177 2019 placari

238 2050 377 2113 animum
399 2066 432 2112 et
453 2047 664 2114 defervescere
687 2048 765 2112 iram
784 2064 954 2138 pateretur.
989 2050 1129 2114 Invisum
1150 2050 1179 2116 ei

237 2193 330 2235 omne
350 2166 584 2233 adsentatorum
602 2191 699 2254 genus
720 2184 805 2249 erat,
830 2153 938 2233 eorum
960 2168 1108 2237 maxime,
1125 2169 1181 2255 qui
1223 2183 1226 2190 ’

238 2289 426 2378 Principum
460 2285 692 2369 voluntatibus,
737 2301 774 2350 ut
803 2286 932 2371 gratiam
964 2286 1104 2367 inirent,
1148 2309 1180 2351 sc

238 2403 532 2487 accommodarent,
555 2429 660 2495 neque
684 2403 825 2490 religioni
848 2404 1023 2488 haberent,
1047 2429 1179 2496 perver-

241 2550 305 2592 sam
333 2525 436 2612 legum
470 2523 696 2616 foederumque
720 2542 752 2589 et
775 2527 960 2617 pactionum
988 2525 1097 2592 afferre
1125 2525 1180 2589 in-

244 2646 519 2736 terpretationem,
542 2646 568 2709 si
590 2645 742 2710 contraria
764 2645 800 2708 iis
824 2667 887 2710 csse
907 2644 1093 2734 Principum
1109 2661 1180 2710 stu-

205 2744 208 2750 l
240 2760 291 2827 dia
313 2761 604 2830 animadverterent.
659 2763 817 2854 Culpahat
847 2765 881 2828 in
914 2765 1023 2854 quovis
1054 2763 1183 2831 homine

241 2881 470 2951 simulationem
504 2901 536 2950 et
562 2885 760 2976 perjurium3
797 2881 851 2948 sed
882 2885 1026 2949 omnium
1056 2886 1185 2950 minime

241 3001 370 3068 ferenda
399 3004 435 3068 in
462 3004 611 3096 Principe
643 3003 808 3084 censebat,
855 3027 953 3093 quem
982 3001 1060 3068 adeo
1088 3006 1182 3069 verba

242 3122 329 3188 factis
348 3124 540 3208 obstringere
562 3120 732 3204 deberent,
756 3138 792 3186 ut
807 3123 979 3210 juramenti
1000 3109 1106 3189 locum
1130 3140 1180 3188 te-

243 3258 366 3308 nerent.
401 3241 448 3306 Ita
478 3264 576 3331 porro
603 3239 753 3306 libertatis
777 3243 918 3307 moribus
946 3244 1112 3326 utebatur,
1148 3261 1184 3309 ut

244 3363 279 3426 in
303 3360 376 3443 illa,
417 3385 483 3426 non
516 3359 551 3424 iu
581 3361 765 3452 principatu
799 3376 909 3424 natum
941 3359 1184 3452 institutumque

245 3481 423 3549 censuisses.
469 3479 659 3570 Principum
680 3480 831 3566 exagitare
862 3479 1011 3566 injuriam
1034 3497 1066 3545 et
1095 3483 1184 3548 stoli-

246 3596 375 3664 ditatem
398 3597 536 3681 solebat,
567 3601 624 3689 qui
654 3598 850 3666 adversantes
877 3603 1032 3692 majorum
1053 3595 1181 3667 institu-

248 3720 306 3803 tis,
329 3720 428 3804 gentis
450 3743 520 3784 suae
545 3718 680 3784 libertati
705 3735 875 3803 nocerent,
907 3737 938 3784 et
971 3719 1080 3786 odium
1100 3723 1133 3786 in
1153 3747 1184 3788 se

250 3863 377 3905 suorum
399 3839 580 3905 excitarent.
603 3841 794 3925 Dignitatem
813 3856 920 3907 contra
932 3843 1186 3909 etauctoritatem

249 3957 433 4024 invalescere
453 3959 489 4022 iis
509 3959 603 4044 magis
622 3959 849 4042 arbitrabatur,
874 3985 939 4049 quo
959 3960 1085 4027 liberius
1107 3965 1186 4029 cives

250 4080 452 4160 viverent,et
474 4076 651 4145 conditione
672 4105 727 4144 sua
747 4078 927 4165 gauderent.
951 4079 1097 4146 Tandem
1110 4081 1186 4147 haec

252 4215 316 4268 erat
338 4223 462 4268 morum
474 4197 640 4266 amabilitas
662 4215 693 4263 ct
715 4199 841 4265 facilitas
855 4250 863 4281 ‚
888 4215 923 4264 ut
937 4201 997 4266 sive
1011 4226 1083 4265 cum
1094 4202 1187 4285 viris,
