3408 5664
618 857 674 926 ll5

181 1051 288 1126 neque
314 1037 437 1103 ursimus
468 1057 572 1128 neque
607 1031 765 1104 facultates
790 1032 941 1118 ‘deltano
984 1053 1022 1102 ut
1058 1053 1113 1102 te*

176 1171 212 1218 re
245 1153 362 1224 bellum
397 1156 513 1242 iugenii
546 1157 615 1244 ejus
650 1154 811 1222 theatrum
843 1155 976 1224 dicatur.
1027 1155 1115 1246 Qui*

178 1271 238 1338 hus
280 1273 424 1341 interluit
467 1274 538 1360 ille,
584 1273 797 1366 expeditiones
844 1275 914 1342 satis
958 1297 1117 1367 superque

175 1389 412 1485 explorantibus
456 1395 547 1463 nobis
588 1391 849 1477 declaraverunt,
894 1407 1016 1488 quanto
1047 1409 1117 1460 stu·-

175 1507 230 1578 dio
275 1511 447 1606 provehere
490 1513 608 1607 patriae
652 1512 805 1598 salutem,
851 1537 949 1606 quam
991 1514 1118 1607 optimis

173 1649 299 1719 semper
322 1633 494 1700 renonibus
516 1633 563 1700 uti
585 1650 714 1700 conatus
736 1633 775 1700 sit
799 1634 852 1704 (Ι).
896 1635 955 1740 ξω
976 1633 1035 1702 hlc
1053 1633 1114 1700 ite·

176 1771 245 1814 rute
277 1750 485 1844 subtiliusque
514 1749 689 1842 dijudicare
723 1777 788 1822 non
810 1777 889 1846 opus
916 1769 981 1839 est,
1004 1777 1041 1822 uc
1062 1777 1117 1821 se-

175 1867 319 1956 quireuet
336 1868 501 1937 militarem
522 1872 685 1964 perilianus
713 1889 848 1965 praestat
866 1872 983 1940 referre
1003 1895 1060 1955 ea,
1083 1872 1118 1940 in

178 1987 296 2078 quibus
327 1989 445 2076 ingenii
477 2012 611 2058 acumen
647 1989 795 2084 peculiari
830 1989 967 2082 quadam
1000 1992 1119 2060 untione

177 2107 332 2198 probavit.

219 2227 333 2296 Dicere
373 2249 424 2294 me
463 2250 558 2320 supra
605 2226 645 2293 (sl
697 2227 846 2313 memini,
892 2253 973 2320 quae
1011 2243 1117 2297 essent

175 2346 323 2412 orationis
358 2347 484 2438 capita,
533 2371 631 2440 quam
662 2345 715 2414 ille
749 2349 878 2416 ineunte
910 2371 994 2416 anno
1036 2349 1119 2420 1590

176 2464 212 2532 in
234 2464 396 2533 Otslinum
430 2463 661 2536 foederatorum
695 2467 827 2536 concilio
854 2467 976 2534 hahuit.
1017 2467 1120 2556 Digna

176 2601 282 2652 autem
310 2585 467 2676 ¹videtur,
513 2607 593 2680 quae
625 2585 683 2654 hlc
719 2603 781 2656 tota
817 2601 1005 2681 apponatur.
1050 2587 1120 2654 Hoc

176 2705 223 2774 illi
258 2705 320 2774 fuit
352 2704 479 2776 dicendi
520 2705 703 2776 exordiuma
750 2733 772 2776 >s
804 2707 1006 2801 Reipublicae
1039 2731 1117 2776 nos-

176 2842 307 2912 utrae,
339 2827 526 2895 Nobilissimi
554 2827 643 2912 Viri,
679 2825 818 2896 conditio
844 2851 895 2895 me
918 2839 1048 2918 monet,
1082 2843 1119 2894 ut

176 2969 200 3014 s>
223 2947 367 3014 certiores
390 2969 443 3015 vos
466 2946 598 3032 saelum,
627 2945 783 3038 postulare
803 2963 951 3041 tempus,
973 2963 1010 3013 ut
1033 2961 1119 3014 usus
1216 3017 1219 3026 ¹

176 3094 200 3138 s>
222 3069 372 3138 Rhenum
397 3086 431 3136 et
462 3069 584 3137 Motum
613 3065 763 3155 lugentur
792 3067 947 3162 Hispani,
981 3079 1014 3134 et
1034 3063 1119 3153 regio

174 3240 481 3262 Μ

218 3349 261 3422 (ι)
282 3349 341 3402 lice
362 3356 388 3400 ct
413 3349 536 3403 tissitcrse
561 3365 655 3404 serum
676 3356 733 3416 est,
768 3367 858 3421 neque
884 3348 1038 3418 exceptioni
1058 3347 1119 3401 slssi

178 3440 258 3495 loeus
280 3439 409 3504 videtur,
429 3440 564 3496 referente
586 3439 705 3498 Grotic.
732 3455 801 3494 enno
823 3440 890 3513 1⁵95
916 3441 945 3493 iu
976 3437 1118 3494 obsidione

178 3529 352 3584 Cosords'sua
375 3527 574 3593 Gallinaceos,
603 3531 633 3584 es'
657 3532 723 3602 quie
743 3531 782 3584 ad
800 3549 832 3584 ss
852 3532 1010 3592 transiret,
1026 3547 1117 3601 prae-

182 3622 242 3672 miss
271 3618 433 3689 pollicitum
471 3637 540 3672 esse.
595 3619 652 3682 td,
693 3621 718 3674 si
749 3619 932 3688 prsesidiariis
965 3618 1120 3686 Hispanicis

179 3708 357 3768 conveniret,
377 3707 599 3774 reprobandum,
627 3727 721 3776 pst-utu
742 3717 816 3762 cette
836 3727 995 3778 generosum
1015 3724 1046 3762 ec
1067 3708 1120 3763 de·

179 3811 278 3850 eorum
310 3795 459 3850 videretur.
510 3797 566 3851 see
590 3798 670 3854 docet
696 3799 750 3854 loci
771 3800 863 3864 ratio,
899 3797 1118 3853 Gubernatorem

181 3885 364 3957 praemissum
391 3904 438 3955 spe
467 3887 579 3942 allicere
605 3889 639 3940 sd
665 3906 710 3943 sus
738 3896 824 3943 cestre
845 3887 979 3942 studuisse
997 3887 1120 3942 obsessos

182 3975 318 4036 Cosortlii
335 3976 426 4041 cives,·
445 3973 551 4032 Batavis
567 3978 703 4044 latentes,
729 3977 803 4048 quod
823 3977 884 4030 licei
906 3975 1018 4030 honeste
1037 3985 1121 4046 pote.

181 4074 235 4120 sat.
253 4091 284 4107 -
299 4064 370 4118 Hist.
399 4065 415 4120 Ι.
436 4064 493 4121 111.
510 4083 537 4134 p.
560 4069 616 4124 180.

223 4155 268 4223 (sl
288 4173 314 4222 r·
332 4171 376 4228 7⁰·

880 4281 889 4292 ·
964 4257 1001 4321 to
