3454 5658
988 877 1030 943 to

540 1043 670 1111 Interim
703 1069 787 1126 saeva
820 1047 919 1114 hiems
948 1048 1044 1135 glaeie
1070 1047 1200 1114 flumina
1230 1045 1476 1126 oomuinxeratg

541 1163 745 1248 Guilielmua,
767 1167 870 1235 officio
890 1167 1039 1252 functus,
1058 1192 1099 1234 ne
1117 1191 1149 1234 ae
1169 1165 1378 1234 absentemali
1399 1162 1478 1255 quid

539 1280 697 1349 aoaidiaaet
721 1285 756 1350 in
781 1287 944 1377 provincia
967 1287 1104 1369 veritur,
1125 1266 1480 1378 proficisei’atatnebat,

538 1399 717 1468 antehabita
747 1405 893 1472 omnibus
929 1406 1047 1470 itineris
1075 1403 1201 1471 hiberni
1229 1403 1387 1482 molestiie
1400 1425 1477 1468 mo-

470 1561 486 1582 t
538 1539 612 1584 rum
631 1517 736 1588 salute.
787 1521 898 1613 Itaque
917 1522 1126 1616 periculosum
1147 1521 1232 1590 Flevi
1252 1521 1337 1589 laeua
1360 1520 1478 1607 trajee-

539 1651 609 1703 tum
638 1661 846 1725 cognoaoens,
878 1665 951 1708 cum
972 1641 1086 1734 passim
1108 1640 1217 1728 glacies
1236 1641 1307 1706 satie
1326 1636 1477 1706 invaluit·

538 1770 603 1838 aet,
634 1758 747 1847 passim
779 1757 906 1825 infirma
938 1759 986 1827 val
1019 1757 1104 1826 ntrlla
1132 1759 1318 1842 haberetur,
1353 1754 1433 1822 nibil
1460 1780 1477 1820 a

538 1877 702 1968 proposito
723 1874 889 1944 deterritus
909 1895 965 1946 est
1008 1881 1093 1948 Cum
1121 1879 1229 1971 paucis
1258 1875 1479 1945 comitantibus

536 1993 686 2086 scaphula
714 1996 878 2064 &chusae
905 1995 1081 2081 conducti,
1119 2022 1183 2089 qua
1218 1993 1346 2064 validior
1371 1991 1479 2080 glacies

536 2129 623 2196 emt,
639 2113 745 2182 trahae
762 2115 851 2200 loeo,
872 2143 936 2208 qua
954 2117 1090 2205 fragibor
1107 2115 1308 2208 ferendisque
1328 2115 1476 2181 oumibtn

536 2234 657 2326 impar,
681 2234 793 2321 navigii
814 2234 884 2310 loeo
905 2259 979 2302 usus
1002 2254 1058 2304 est.
1102 2235 1195 2304 Haud
1225 2237 1292 2304 sine
1316 2235 1400 2322 gravi
1427 2233 1475 2300 la-

535 2352 613 2419 bore
630 2352 775 2444 vitaeque
795 2353 938 2446 periculo
956 2355 1108 2422 Sumam
1138 2353 1265 2421 tandem
1292 2353 1390 2422 salvus
1414 2351 1475 2420 de-

536 2469 702 2538 ferebatur.
758 2473 850 2564 Quae
879 2488 1030 2541 metuerat
1064 2475 1173 2540 aboena
1203 2473 1302 2558 maia,
1333 2495 1478 2564 praesens

537 2592 763 2682 experiebatur.
797 2593 879 2658 Nam
898 2593 1034 2686 Baptista
1057 2593 1194 2677 Toxius,
1216 2589 1412 2678 Verdugonis
1422 2591 1474 2658 vi-

538 2709 659 2791 narius,
692 2724 724 2775 et
756 2707 822 2778 duo
856 2713 1023 2796 bergenses
1055 2711 1185 2797 staua,
1215 2713 1272 2778 ubi
1297 2711 1478 2779 irmotuerat

537 2827 764 2914 Groningania‚
797 2830 901 2895 abesse
936 2857 953 2895 a
983 2832 1144 2922 ptovineia
1174 2829 1398 2914 Guilielmum,
1435 2831 1476 2894 ab

536 2945 585 3012 hia
624 2947 752 3039 impulsi
792 2965 993 3041 susceperant
1022 2936 1268 3043 expeditionem,
1308 2947 1476 3040 pridieque

537 3062 688 3132 adventus
710 3068 802 3154 ejua,'
833 3091 942 3136 mense
957 3069 1104 3157 Januario
1124 3070 1199 3135 anni
1219 3071 1302 3138 1586
1320 3085 1476 3152 exeunte,

537 3183 712 3263 cordum,
731 3186 924 3272 Woreomii‚
943 3186 1083 3280 adeoque
1100 3211 1201 3281 prope
1218 3188 1373 3258 startiam
1387 3211 1474 3276 graa-

537 3307 614 3389 sati,
636 3329 725 3374 nune
746 3306 781 3372 in
807 3308 988 3376 interiorem
1016 3309 1211 3401 provinciam
1237 3305 1473 3376 oontenderant.

533 3425 647 3516 ⁸Itaque
670 3424 839 3519 appellenti
858 3429 1071 3496 Gubernatori
1090 3427 1220 3494 insestru
1239 3443 1305 3494 erat
1326 3424 1367 3492 ad
1388 3428 1472 3493 Leo-

535 3541 674 3610 rudiam
693 3541 818 3628 aditus,
842 3561 874 3610 et
899 3545 988 3638 quod
1010 3546 1208 3638 paucissimos
1237 3569 1344 3614 seeum
1371 3544 1474 3612 babe-
1557 3637 1561 3646 ¹

536 3663 611 3747 bat,
632 3661 718 3731 adire
738 3667 926 3748 exercitum,
950 3665 1147 3758 militumque
1169 3664 1337 3758 obfirmme
1357 3666 1474 3734 animoa

537 3803 604 3847 non
634 3797 766 3873 poterat.
827 3785 932 3880 Vicae,
949 3787 1015 3872 ejus
1044 3787 1151 3851 Dauus
1178 3783 1308 3876 quidam
1341 3783 1472 3860 nobilia.
1512 3855 1517 3864 ,

539 3899 637 3966 Steno
659 3899 836 3986 Maltesius,
859 3905 984 3988 obibat,
1009 3905 1067 3995 qui
1087 3921 1123 3972 ut
1140 3906 1270 3993 majores
1291 3904 1473 3972 mimium

538 4015 740 4108 prohiberet,
774 4022 949 4090 Roxumum
972 4021 1057 4090 baud
1078 4024 1191 4116 procul
1210 4023 1378 4092 Leovaidia
1398 4049 1470 4092 mo·

539 4161 608 4205 vere
640 4154 736 4208 eastra
769 4144 879 4236 coepit.
938 4146 1069 4236 Jamque
1103 4146 1219 4214 Taxius
1248 4169 1322 4216 eum
1357 4141 1473 4237 praeda
