3408 5664
1005 881 1067 983 rso

559 1015 653 1127 stare
668 1061 820 1150 Hispanos
849 1057 983 1148 liqueret
1008 1058 1061 1126 (¹).
1121 1058 1241 1144 Majore
1273 1073 1342 1122 tum
1365 1059 1396 1125 ri
1427 1057 1500 1124 bel·
1530 1121 1534 1129 .

557 1182 625 1247 lum
654 1180 832 1262 exarsisset,
865 1179 924 1243 nisi
954 1177 1124 1244 effecissent
1154 1176 1270 1244 Galliae
1307 1175 1501 1268 Angliaeque

556 1298 672 1387 iegati,
696 1301 783 1389 qui„
798 1296 961 1390 desperatis
981 1320 1074 1386 pace,
1099 1294 1241 1363 inducias
1265 1299 1441 1383 urgebant,
1465 1315 1502 1362 ut

558 1421 805 1485 instaurarenuar
825 1434 857 1482 ct
880 1415 1043 1482 adfinem
1066 1414 1316 1507 perducerentur
1341 1415 1498 1484 delibera-

551 1542 668 1606 tiones.
699 1540 807 1626 Quare
827 1513 1019 1628 dntverpiae
1031 1585 1040 1616 ‚
1053 1536 1182 1600 ineunte
1191 1535 1296 1627 Aprili
1305 1537 1381 1600 anni
1397 1538 1499 1618 1609,

562 1657 602 1724 de
637 1656 772 1723 induciis
806 1658 839 1720 in
874 1653 1041 1720 duodecim
1075 1678 1171 1720 annos
1203 1653 1351 1721 faciendis
1382 1679 1500 1722 convc-

560 1780 609 1844 nit
634 1780 686 1844 (2).

604 1896 659 1964 Ad
681 1897 769 1961 hunc
794 1894 916 1978 finem,
937 1917 1111 1984 sanequam
1129 1895 1354 1986 optatissimum
1365 1895 1502 1978 Batavis,

562 2035 597 2087 ut
621 2016 859 2106 disceptationes
887 2013 1160 2106 perducerentur,
1195 2013 1310 2080 multae
1332 2014 1501 2080 mammae-

561 2155 625 2228 que
655 2133 849 2227 superandae
873 2132 1069 2200 difficultates
1097 2149 1196 2198 erant.
1240 2135 1288 2202 Nc
1320 2132 1430 2222 loquar
1460 2131 1502 2197 (le

563 2257 739 2321 toleranda
777 2257 940 2343 religione
973 2253 1123 2318 Romano
1136 2291 1155 2304 -
1170 2253 1363 2336 Catholica,
1408 2278 1503 2342 quam

561 2377 716 2460 urgebant
747 2375 902 2465 Hispani,
926 2370 1030 2464 deque
1059 2396 1182 2436 summo
1199 2377 1400 2465 prirwt‘putu
1421 2397 1501 2438 con·

519 2473 522 2480 ¹
562 2495 727 2578 cedendo,
751 2517 854 2587 quem
879 2494 937 2557 sihi
969 2509 1145 2584 competere
1170 2493 1396 2574 asseverabant,
1423 2494 1502 2557 sibi-

564 2639 629 2704 que
663 2613 828 2678 sumebant
859 2611 1029 2679 foederati:
1065 2635 1145 2702 quae
1177 2635 1225 2676 res
1257 2613 1290 2676 in
1321 2610 1503 2678 diuturnam

566 2733 805 2798 controversiam
836 2749 1011 2799 venerunt:
1036 2733 1198 2821 Principes
1227 2733 1361 2797 Nassavii
1381 2735 1505 2800 unicam

563 2852 682 2941 patriae
715 2851 863 2936 salutem,
909 2875 1041 2941 eamque
1079 2870 1266 2944 perpetuam
1298 2851 1507 2945 producendo

565 2967 647 3036 bello
663 2986 790 3062 partum
809 2971 848 3035 iri
863 2973 1050 3037 statuebant.
1082 2974 1173 3038 Hanc
1192 2974 1392 3064 opinionem,
1417 2975 1504 3040 Gni-

494 3081 522 3147 .·'
565 3088 670 3157 lielmo
681 3088 844 3158 Ludovico
866 3107 955 3174 tum,
978 3115 1053 3158 cum
1072 3093 1214 3184 primum
1232 3093 1367 3183 proponi
1386 3117 1434 3158 res
1455 3093 1506 3158 illa

567 3211 693 3302 coepit,
717 3235 790 3277 cum
810 3213 918 3276 ceteris
940 3236 1159 3296 communem,
1184 3212 1288 3279 tollere
1319 3211 1502 3280 Oldenbar-

569 3329 729 3397 neveldius
762 3333 957 3418 conabatur3
1009 3334 1099 3420 cujus
1144 3331 1230 3398 haud
1270 3332 1417 3400 credibile
1459 3351 1505 3400 est

606 3550 648 3618 (ι)
668 3549 811 3616 Litteras,
830 3552 930 3620 quibus
947 3553 1022 3606 abire
1039 3553 1121 3621 legati
1140 3554 1169 3604 iu
1178 3554 1345 3620 &Iispaniam
1357 3571 1372 3604 a
1383 3553 1507 3606 unitiat-

571 3654 617 3688 mo
639 3647 701 3691 sunt
717 3641 808 3709 jussi,
827 3641 1020 3696 additamentis
1036 3642 1205 3710 adjiciemus.

608 3731 649 3797 (α)
670 3730 809 3796 Emmius,
839 3751 867 3798 p.
884 3735 945 3788 214.
963 3751 1040 3802 seqq.
1062 3731 1138 3786 :Van
1157 3733 1210 3784 den
1232 3731 1339 3796 sande,
1368 3731 1509 3800 t.1v.p'.

571 3817 616 3868 ⁵2.
634 3837 711 3888 seqq.
748 3822 884 3886 Grotius,
910 3825 1061 3880 LXVIII
1087 3843 1117 3892 p.
1142 3823 1203 3880 564.
1239 3823 1301 3876 van
1319 3823 1508 3887 Maiorem.
1511 3843 1515 3851 ·

575 3907 712 3972 XXIX.
708 3927 745 3976 ·.p
772 3911 832 3966 342.
867 3911 951 3977 Stijl,
986 3932 1014 3982 p.
1032 3916 1093 3985 298.
1110 3932 1188 3984 seqq.
1217 3913 1417 3978 Carisim,V.
1435 3931 1463 3980 p.
1481 3932 1508 3983 9.

575 4016 652 4068 seqq.
673 4000 842 4068 Wageuaar,
863 4002 883 4052 l.
903 4003 1016 4058 XXVI.
1010 4023 1063 4072 .p.
1079 4005 1239 4074 431.s.eqq
1257 4005 1510 4076 Negotiatioascle

569 4089 714 4144 ..Icauuim¹
734 4093 903 4158 winwed,
932 4099 1142 4168 Negotiationc.
1178 4095 1231 4148 W.
1249 4093 1380 4161 Temple,
1401 4095 1512 4146 Obser-

575 4183 689 4235 vations
709 4187 782 4253 upo'n
804 4186 850 4237 tlte
870 4187 980 4237 Uns'ted
999 4190 1170 4251 Provmccs,
1191 4205 1217 4252 p.
1237 4205 1279 4257 77.
1298 4203 1375 4254 seqq.
