3456 5676
963 909 1024 978 190

519 1103 623 1152 antem
653 1089 721 1174 ejus
752 1102 853 1154 castus
880 1103 913 1159 et¹
943 1083 1096 1152 candidus
1118 1083 1158 1152 ab
1182 1086 1269 1150 omni
1293 1083 1463 1174 petulantia

520 1222 552 1272 et
573 1204 705 1272 libidine
732 1205 873 1289 alienus,
917 1223 953 1271 ut
985 1229 1090 1296 neque
1118 1207 1220 1272 verbis
1241 1229 1346 1296 neque
1374 1207 1462 1273 factis

519 1325 672 1392 lasciviret
692 1349 846 1415 unquam.
901 1324 1064 1393 Amicitiae
1086 1324 1171 1392 idem
1200 1329 1340 1418 sensibus
1372 1354 1464 1396 acer·

518 1447 604 1510 timis
637 1443 810 1532 flagrabat,
857 1443 910 1510 sed
942 1447 976 1510 in
1023 1443 1210 1536 quaerendis
1249 1449 1353 1513 amicis
1394 1446 1462 1514 val-

520 1561 561 1630 de
580 1563 743 1656 prudens3
769 1582 801 1631 et
822 1590 895 1632 eum
917 1581 993 1630 esset
1014 1566 1138 1650 ingenio
1159 1567 1343 1658 perspicax,
1365 1566 1464 1634 indo-

519 1683 582 1750 lem
603 1708 767 1774 moresque
796 1709 921 1766 eorum,
945 1709 1081 1776 quorum
1104 1687 1164 1750 sibi
1191 1688 1356 1775 exoptabat
1379 1712 1460 1753 con-

413 1861 424 1880 ,
520 1800 743 1885 suetudinem,
765 1803 925 1895 explorare
946 1821 978 1868 et
1001 1802 1173 1896 dijudicare
1192 1804 1350 1872 celerrime
1367 1823 1462 1899 pote·-

517 1939 576 1988 rat.
621 1947 642 1987 »
676 1922 902 2006 Remiuiscor,
951 1924 993 1987 ait
1028 1924 1192 2007 Emmius,
1238 1935 1317 1990 ante
1342 1927 1462 2014 plures

518 2067 540 2108 >›
563 2066 681 2123 annos,
720 2066 792 2107 cum
814 2046 921 2107 virum
950 2042 1117 2131 dignitate
1140 2052 1172 2108 et
1193 2042 1344 2108 doctrina
1366 2068 1461 2134 spec-

518 2187 539 2226 »
562 2172 692 2243 tatum,
714 2151 822 2248 quem'
840 2171 919 2226 aitte
943 2185 1002 2226 nec
1024 2172 1146 2245 norat,
1169 2186 1228 2228 nec
1249 2163 1400 2245 viderat,
1422 2164 1464 2230 de

518 2307 539 2347 »
553 2282 695 2372 publica
726 2304 764 2344 re
795 2281 890 2369 apud
911 2303 946 2345 se
969 2282 1070 2347 verba
1091 2282 1278 2367 facientem
1310 2283 1460 2348 audivis-

516 2427 538 2467 >›
560 2411 629 2483 set,
652 2401 825 2488 oculosque
842 2405 982 2489 pariter
1009 2411 1042 2466 et
1071 2424 1172 2465 aures
1195 2405 1231 2466 in
1254 2426 1326 2468 eum
1348 2406 1460 2467 intert-

517 2546 538 2585 >›
560 2521 681 2597 disset,
707 2520 749 2585 de
774 2522 908 2609 ingenio
933 2545 974 2586 ec
996 2522 1142 2584 moribus
1174 2521 1246 2606 ejus
1280 2531 1348 2584 tam
1377 2521 1461 2584 dear-

445 2683 447 2687 -
519 2665 541 2705 ›>
564 2651 615 2705 tre
646 2665 687 2706 ae
717 2663 793 2704 vere
825 2645 939 2705 statim
965 2641 1162 2727 judicasse,
1198 2665 1239 2704 ac
1268 2643 1300 2706 si
1321 2640 1463 2705 modium

518 2785 540 2825 ›>
562 2762 662 2828 satis,
701 2758 791 2846 quod
820 2760 942 2844 ajunt,
977 2783 1049 2823 cum
1082 2783 1117 2824 eo
1152 2759 1347 2825 comedisset.
1361 2761 1382 2788 ’'
1419 2757 1459 2824 (¹)

519 2879 587 2945 Nee
609 2877 712 2942 minor
733 2901 805 2941 sane
830 2875 1018 2942 liberalitatis
1037 2866 1203 2944 laus'suit:
1240 2903 1311 2941 nam
1334 2901 1461 2958 omnes,

519 2997 738 3108 quotquotJn
771 2993 943 3080 legionibus
965 2997 1026 3061 suis
1050 2995 1182 3087 xordines
1216 2998 1359 3063 militares
1394 2995 1459 3063 du-

519 3117 653 3200 cebant,
698 3117 724 3181 si
751 3113 861 3202 dignos
889 3141 920 3182 se
951 3141 1082 3182 munere
1112 3134 1324 3210 praestarent,
1347 3115 1460 3182 milites

520 3239 620 3326 ipsos,
643 3237 669 3300 si
691 3233 902 3318 fortitudine,
926 3237 1099 3321 alacritate,
1135 3238 1214 3304 vitae
1241 3237 1398 3328 probitate
1430 3259 1463 3300 se

521 3353 800 3431 commendarent,
841 3355 998 3420 ministros
1032 3379 1160 3446 quoque
1192 3379 1281 3439 suos,
1324 3355 1350 3420 si
1377 3371 1462 3420 recte

427 3517 431 3522 ·
519 3475 628 3542 officiis
660 3473 891 3556 satisfacerent,
936 3490 967 3538 et
994 3471 1157 3560 diligebat,
1193 3488 1224 3538 ct
1255 3497 1315 3562 pro
1345 3473 1461 3538 meritis

499 3619 500 3624 ¹
519 3595 799 3664 remunerabatur:
834 3609 866 3659 et
889 3617 981 3676 tero,
1003 3609 1040 3657 ut
1064 3593 1190 3660 cavebat
1211 3592 1250 3657 ab
1274 3590 1374 3657 alieno
1394 3615 1463 3656 aere

523 3713 709 3796 conflando,
732 3715 774 3778 ita
797 3712 955 3780 sublevare
977 3736 1145 3798 egenorum
1168 3711 1303 3776 miserias
1327 3734 1460 3796 erogan-

522 3832 570 3899 dis
593 3831 772 3916 benefieiis,
807 3857 993 3925 mensaeque
1017 3856 1087 3898 suae
1121 3832 1212 3923 copi&
1243 3829 1365 3922 explere
1386 3853 1461 3894 esu-

520 4035 595 4088 heeft
617 4033 686 4086 hoen
709 4033 873 4102 gaworstclt.
888 4059 918 4072 ·-
943 4033 981 4086 M.
1005 4032 1034 4086 S.
1053 4035 1100 4084 cit.
1119 4030 1259 4098 Selinitep.
1279 4047 1304 4096 p,
1324 4046 1382 4098 ²27·
1411 4027 1459 4082 Ct'.

521 4124 659 4188 Emnius,
678 4140 706 4190 p.
719 4123 764 4178 231
782 4140 859 4190 seqq.

557 4215 599 4286 (t)
621 4213 758 4279 liminius,
777 4231 804 4279 p.
825 4213 884 4266 258.
