3408 5664
1007 915 1068 988 100

609 1091 664 1159 His
697 1093 737 1159 ita
768 1092 899 1176 curatis,
934 1089 974 1156 de
1004 1087 1221 1182 persequendo
1252 1086 1335 1155 bello
1368 1087 1503 1153 rationes

564 1209 677 1292 initae,
712 1209 766 1275 sed
797 1225 929 1276 exeunte
961 1207 1091 1275 demum
1121 1233 1164 1275 m.
1195 1208 1291 1274 tunio
1319 1192 1460 1297 suscepta
1485 1231 1501 1270 a

564 1329 712 1395 Mauritio
729 1329 885 1421 expeditio
903 1328 1046 1395 adversus
1066 1327 1226 1406 Grollam,
1250 1351 1330 1418 quae
1352 1345 1503 1418 prospere

563 1449 629 1512 sine
650 1446 748 1514 dubio
770 1450 920 1531 cessisset,
943 1449 1001 1513 nisi
1020 1444 1269 1533 Mouduagonis,
1291 1447 1502 1536 Hispanotuna

566 1565 672 1648 ducis,
692 1543 813 1633 subitus
833 1593 906 1634 cum
922 1565 1023 1634 valido
1038 1567 1159 1652 agmine
1175 1563 1326 1632 adventus
1342 1559 1504 1629 obsidione

564 1682 720 1776 oppidum
745 1686 930 1752 liberasset.¹¹
953 1684 1208 1751 Pxoficisce'ntem
1227 1682 1302 1749 iude
1327 1683 1503 1775 Hispanum

566 1805 697 1870 insecuti
722 1805 888 1897 Philippus
910 1805 1069 1872 Nassavius
1100 1828 1173 1870 cum
1200 1801 1324 1869 duobus
1354 1801 1502 1866 flauttuu

564 1923 703 1990 Ernesto
718 1942 755 1989 'et
777 1922 958 2005 Ludovico,
981 1940 1012 1989 et
1026 1917 1189 2008 Ernestus
1203 1921 1390 2002 Solmensis,
1411 1916 1499 1983 diffi-

565 2041 676 2108 cillima
697 2061 803 2138 pugna
821 2045 1067 2134 excipiebantur.
1101 2039 1268 2133 Philippus
1285 2053 1317 2104 et
1335 2036 1503 2106 Selmensis

565 2163 649 2255 capti
666 2153 754 2227 'diem
774 2163 936 2229 obierunt:
963 2159 1158 2243 Ludovicus,
1179 2144 1288 2226 leviter
1305 2157 1502 2240 vulneratus,

565 2279 639 2364 fugai
661 2302 693 2344 se
711 2278 888 2378 expedivit,
913 2281 1061 2344 Ernestus
1083 2279 1265 2354 Nassan’us‚
1289 2302 1354 2344 nou
1375 2292 1504 2366 accepto

558 2394 714 2480 ¹vulnere,
730 2396 763 2460 in
776 2421 886 2460 manus
895 2395 1008 2462 incidit
1017 2398 1165 2488 Hispani,
1177 2397 1303 2462 Joannis
1315 2393 1356 2461 de
1368 2393 1503 2462 cordua.

565 2517 825 2582 Commorabatur
853 2539 889 2583 eo
920 2534 1062 2608 tempoie
1090 2517 1271 2602 Groniogae
1295 2515 1500 2584 Guilielmus:

564 2659 661 2723 quem
683 2635 770 2701 va1iis
793 2636 920 2721 negotiis
942 2636 1241 2727 provinciarumque
1260 2635 1342 2700 cuuis
1363 2633 1501 2700 distrac-

565 2771 632 2818 tum
661 2762 855 2845 quantopeie
885 2755 1000 2820 mortui
1030 2753 1133 2820 fratris
1171 2755 1304 2820 nuncius
1339 2754 1500 2834 afflixerit,

565 2895 647 2936 unus
677 2873 811 2962 quisque
840 2871 1010 2957 intelliget,
1036 2874 1092 2965 qui
1113 2889 1259 2939 mutuum
1279 2897 1389 2940 eorum
1412 2895 1501 2940 atno-

566 3013 657 3074 rem,
680 3013 719 3055 ex
743 2992 1008 3076 consanguinitate
1030 2995 1138 3058 natum
1160 3013 1381 3082 armorumque
1402 2995 1502 3060 socie·

565 3124 625 3173 tate
646 3109 902 3192 corroboratum,
921 3127 1026 3176 mente
1045 3107 1329 3203 comprehenderit.
1364 3113 1409 3178 Ut
1428 3135 1504 3178 vero

562 3212 685 3308 Ernesti
707 3227 811 3330 tinnis
832 3230 957 3296 rescivit
968 3231 1195 3323 captivitatem,
1211 3231 1316 3296 statim
1327 3231 1501 3310 vervona,

568 3349 652 3418 aulae
673 3352 838 3437 magistro,
858 3348 1037 3433 mandavit,
1060 3367 1096 3416 ut
1111 3348 1212 3416 decies
1223 3349 1307 3416 mille
1319 3350 1450 3417 florenis
1459 3353 1499 3416 ab

549 3467 657 3534 'hoste
675 3467 780 3551 illum,
796 3471 822 3561 si
840 3485 961 3561 posset,
981 3453 1156 3535 ¹redimetet.
1180 3470 1299 3560 Captus
1311 3469 1501 3559 puetioHis·

565 3609 668 3678 panus
687 3585 806 3653 dimisit
821 3588 862 3656 (¹)
898 3587 1019 3654 Auctor
1039 3587 1124 3653 idem
1142 3587 1286 3678 proximo
1293 3581 1502 3676 anno(tt›96)

600 3853 641 3920 (ι)
661 3851 799 3914 liminius,
818 3872 846 3919 p.
867 3855 925 3910 125.
942 3875 1020 3925 seqq.
1055 3857 1152 3926 Reyd,
1172 3857 1193 3911 Ι.
1210 3857 1280 3912 ΧΙΙ.
1298 3874 1325 3926 p.
1344 3859 1403 3928 257.
1421 3877 1499 3930 seqq·

564 3937 639 4004 Bor,
664 3939 684 3992 Ι.
709 3940 838 3994 ΧΧΧΙΙ.
858 3961 886 4009 p.
904 3963 932 4014 9.
974 3947 1110 4008 Grotius,
1129 3948 1148 3997 Ι.
1167 3947 1219 3998 tv.
1238 3967 1266 4015 p.
1284 3966 1345 4018 219.
1393 3950 1499 4018 Wuge·

559 4045 646 4092 naar,
677 4029 696 4082 Ι.
725 4030 857 4084 ΧΧΧΙΙ.
884 4051 911 4098 p.
938 4036 998 4090 424.
1025 4054 1102 4104 seqq.
1154 4035 1234 4087 Fred.
1259 4035 1378 4090 Vervou.
1406 4043 1501 4110 Enige

560 4118 814 4190 gedmckweerdige
845 4123 1088 4176 Geactiedenissen
1116 4133 1159 4176 tot
1182 4119 1359 4198 nartcto'nge
1377 4129 1425 4179 der
1442 4117 1498 4181 nu·

562 4208 733 4282 kcmelingen
754 4201 967 4264 summaria-hen
985 4217 1060 4280 wzjse
1076 4214 1237 4265 beschreveu
1255 4215 1294 4288 ΙΙΙ.
1313 4216 1344 4268 8.
