3454 5658
1041 848 1080 916 10

585 1034 646 1086 tur.
700 1023 810 1113 Itaque
840 1023 875 1088 in
905 1013 1020 1114 patrios
1050 1021 1132 1087 fines
1161 1017 1283 1104 redux,
1314 1018 1419 1111 paullo
1454 1037 1524 1111 post

575 1163 658 1208 ‘cum
678 1157 766 1232 patre
784 1141 845 1206 iter
857 1142 900 1206 :in
919 1139 1250 1226 Belgicam-instituit3
1285 1141 1342 1232 qui
1364 1143 1522 1227 cum-jam

583 1259 708 1329 dudum
735 1259 873 1327 indolem
903 1259 962 1327 filii
989 1283 1117 1352 prorsus
1140 1258 1305 1328 militarem
1322 1257 1519 1332 animadver-

581 1382 686 1463 tisset,
708 1381 801 1446 satius
824 1378 959 1446 ducebat
977 1380 1172 1447 committere
1193 1404 1267 1446 eum
1287 1377 1389 1446 banis
1412 1377 1518 1448 Arau-

581 1500 730 1567 sionensis
749 1523 858 1584 curae,
877 1515 914 1565 ut
931 1498 1074 1567 bellicam
1092 1515 1192 1566 artem
1209 1496 1402 1580 addisceret,
1424 1521 1520 1587 quiam

581 1621 615 1684 in
627 1621 772 1686 umbram
783 1617 985 1686 domesticam
995 1617 1163 1685 reduceres
1191 1615 1304 1707 quodsi
1325 1631 1429 1682 autem
1449 1617 1521 1704 quis

579 1755 658 1805 esset
677 1741 712 1805 in
731 1739 842 1823 terris,
865 1741 922 1830 qui
943 1740 1069 1804 insitam
1089 1735 1309 1803 adolescentiae
1332 1735 1396 1802 vim
1415 1750 1519 1823 posset

571 1856 688 1920 eximie
722 1879 925 1948 promovere,
960 1856 1195 1922 Arausionensis
1228 1855 1295 1920 sine
1332 1852 1431 1919 dubio
1464 1849 1519 1918 bic

573 1962 644 2042 talis
674 1990 749 2040 erat.
807 1977 877 2042 Hoc
897 1999 970 2060 ergo
991 1974 1073 2041 duce
1091 1973 1216 2040 militiae
1238 1971 1407 2065 perdurare
1421 1971 1515 2038 lubo-

576 2113 645 2174 res‚
677 2090 836 2178 regundae
859 2094 988 2159 civitatis
1006 2095 1159 2161 rationem
1177 2094 1358 2183 percipere,
1390 2089 1518 2176 subtiles

575 2209 746 2275 machinari
769 2209 910 2276 hostibus
933 2227 1011 2275 artes
1032 2229 1065 2276 et
1087 2210 1233 2295 insidias,
1255 2213 1370 2280 sensim
1391 2209 1513 2301 paulla-

576 2329 697 2418 timque
737 2325 884 2396 discebat.
952 2328 1068 2394 Oblatb
1107 2326 1222 2393 deinde
1259 2332 1515 2420 opportunitate,

575 2445 759 2512 Proeelibus
792 2445 1003 2539 quibusdam,
1035 2445 1235 2536 Reipublicae
1264 2471 1353 2512 causa
1379 2449 1414 2512 in
1435 2447 1511 2514 An-

523 2637 525 2646 ,
564 2563 665 2649 'gliam
685 2564 889 2654 pmsecturis,
911 2593 929 2633 a
949 2583 1063 2659 patruo
1081 2565 1199 2631 itineris
1222 2566 1320 2631 socius
1345 2589 1510 2638 commen-

566 2679 723 2766 dabatur,
752 2701 789 2748 ut
817 2685 1046 2764 Elisabetham,
1076 2685 1245 2774 superbam
1275 2686 1447 2770 Reginam,
1478 2703 1511 2752 et

569 2823 704 2888 regnum
736 2799 865 2887 Angliae
895 2818 1122 2887 cognosceret.÷
1155 2801 1251 2868 Unde
1281 2805 1392 2870 itinere
1409 2808 1506 2872 mari·

570 2921 648 2987 timo
674 2937 832 3003 reversus,
863 2921 989 3012 pauui,
1024 2921 1114 3006 cujus
1148 2923 1187 2986 ab
1217 2946 1269 2988 ore
1289 2921 1508 3014 pendebat,a

566 3036 660 3106 latere
683 3062 860 3130 numquam
879 3036 1074 3123 discedebat,
1097 3036 1175 3106 adeo
1195 3041 1254 3106 sibi
1273 3035 1402 3127 gratiam
1424 3067 1504 3110 con-

544 3157 699 3253 ciliavit,
722 3174 757 3224 ut
779 3157 837 3254 tilii
858 3160 954 3224 instar
974 3159 1071 3224 abeo
1092 3155 1278 3244 diligeretur.
1330 3162 1407 3250 Quo
1426 3187 1503 3228 auc·

563 3295 631 3344 tote
664 3301 737 3345 mox
770 3281 931 3370 equitibus
968 3275 1163 3368 adscriptus,
1204 3276 1394 3344 fortitudinis
1433 3303 1504 3344 suae

558 3395 740 3464 identidem
762 3401 932 3488 specimina
952 3397 1074 3482 edidit,
1100 3423 1163 3486 qua
1184 3420 1218 3461 re
1236 3395 1370 3463 mirifice
1389 3395 1501 3464 lauda-

563 3517 680 3582 tissimo
699 3517 847 3601 magistro
863 3514 1009 3607 placens,
1031 3532 1126 3607 atque
1145 3515 1299 3607 praeclara
1316 3518 1420 3582 omnia
1433 3519 1502 3603 jam

562 3657 617 3724 spe
648 3651 680 3699 et
707 3633 908 3703 meditatione
935 3636 1148 3726 praecipiens,
1184 3636 1319 3702 nominis
1339 3633 1500 3726 quandam

559 3751 673 3818 famam
690 3755 947 3846 consequebatur.
990 3754 1175 3823 Delitescerc
1192 3754 1325 3844 amplius
1337 3756 1373 3819 in
1388 3753 1496 3820 Aratu·

558 3871 706 3937 sionensis
739 3875 844 3938 castris
869 3898 1014 3960 generosa
1043 3875 1161 3943 indoles
1178 3875 1359 3961 recusabat,
1382 3892 1495 3965 suopte

556 3990 685 4058 consilio
704 4015 792 4078 agere
811 3992 951 4078 volebat,
972 3993 1011 4060 ad
1033 3995 1138 4095 laudes
1159 3995 1388 4087 pmeclarorum
1405 3998 1492 4062 virn—

441 4193 446 4200 ,
557 4131 630 4186 mm
648 4127 775 4180 strenue
786 4110 955 4204 adspirans.
979 4116 1045 4186 Nec
1058 4139 1147 4206 spem
1157 4116 1285 4188 inanem
1299 4129 1494 4205 conceperat.
