3454 5658
681 894 721 960 ‘sb

232 1061 416 1133 Guilielmus
448 1066 514 1134 ivit.
558 1066 645 1134 Misit
676 1068 768 1132 etium
800 1069 834 1130 in
870 1085 977 1132 omnes
1009 1061 1166 1143 civitates,

204 1221 207 1232 ·
232 1183 289 1273 qui
320 1207 396 1251 cum
427 1185 606 1271 magistrum
637 1187 759 1252 urbano
780 1186 816 1251 in
835 1182 1027 1272 singtslerum
1046 1178 1169 1246 aedium

230 1301 386 1369 esculenta
408 1303 627 1395 inquirerent,
660 1320 693 1370 et
721 1303 804 1370 hanc
830 1303 927 1370 cuivis
954 1301 1053 1388 legem
1072 1321 1167 1390 ptus·

229 1420 419 1505 setiberent‚
451 1438 487 1488 ut
512 1439 629 1490 sertem
657 1421 818 1516 quendum
839 1423 961 1513 sopiam
980 1418 1067 1488 dorni
1088 1443 1165 1512 per-

229 1554 327 1630 petuo
354 1557 493 1632 parntem
528 1541 669 1611 heberet.
694 1544 735 1611 (¹)
781 1541 904 1609 Auxilia
931 1543 971 1607 rb
992 1538 1171 1608 Ordinibus

228 1655 391 1724 foederatis
423 1659 613 1751 postulavit,
647 1685 746 1752 euque
773 1680 923 1728 arcessere
941 1661 1079 1727 Norisins
1093 1662 1166 1747 jus-

228 1796 289 1842 sus.
332 1774 386 1844 Ad
417 1777 494 1846 hren
525 1781 633 1846 tertius
657 1781 793 1872 quisque
817 1804 835 1846 e
858 1781 1002 1864 rusticis,
1024 1793 1060 1845 ut
1087 1777 1167 1846 veli-

229 1891 332 1964 diores
362 1898 469 1990 copias
499 1915 622 1982 essent,
663 1899 789 1966 militiae
819 1897 893 1966 dure
923 1921 1041 1966 nomen
1072 1920 1166 1984 soge-

229 2015 339 2084 bntnrs
364 2015 517 2086 conflatus
536 2016 612 2084 inde
630 2018 727 2086 nium
747 2016 812 2084 fere
830 2016 963 2084 millium
980 2031 1169 2082 armatorum

229 2134 390 2212 exereitus.
434 2134 597 2202 Nobilium
629 2159 757 2226 quoque
789 2135 1015 2202 nonnullorum
1046 2157 1167 2202 senno-

230 2253 324 2319 nibus
352 2249 454 2320 audux
487 2255 634 2340 agebatur
665 2253 851 2339 eonsilium,
884 2255 935 2320 cui
957 2255 984 2320 si
1003 2253 1093 2320 Frisii
1112 2254 1168 2318 in-

228 2367 413 2456 dulsissent,
444 2373 650 2440 miserrimem
672 2373 758 2460 regio
785 2372 999 2442 conditionem
1018 2373 1168 2441 subiisset.

228 2491 373 2582 Namque
389 2505 529 2559 suctores
548 2489 593 2558 illi
612 2507 723 2576 erent,
753 2507 791 2558 ut
810 2510 1091 2584 penumperentur
1110 2517 1167 2579 sg-

228 2632 313 2695 getes
330 2610 414 2676 inter
431 2611 592 2678 Cunerum
609 2626 641 2676 et
663 2611 894 2696 Lemmerinm,
915 2613 1062 2702 interque
1079 2613 1167 2680 Doc-

229 2731 365 2798 eomium
392 2745 424 2795 et
444 2727 667 2814 Condurnum,
700 2728 879 2819 solutasque
910 2729 1042 2798 vinculis
1071 2755 1170 2822 aqsrne

227 2845 425 2916 intermedius
458 2867 546 2935 agros
586 2847 764 2917 humiliores
797 2849 966 2940 minusque
997 2847 1169 2916 foecundos

228 2965 436 3052 inundarent,
465 2969 580 3054 aggeris
607 2964 761 3059 praesidio
786 2969 937 3064 servatis.
959 2991 1170 3059 quaeeunque

228 3085 453 3178 septentriones
480 3102 513 3152 et
542 3110 688 3154 oeessum
721 3109 826 3154 versus
856 3060 1037 3154 tendebant.
1100 3089 1168 3154 Hac

230 3204 360 3296 quidem
379 3205 496 3272 rutione
517 3205 615 3272 Frisit
640 3207 680 3296 ‚in
710 3193 826 3273 inertiae
859 3207 991 3276 sornam
1021 3205 1168 3292 redacti,

230 3325 322 3391 nrbes
352 3333 479 3408 omnes,
510 3325 643 3417 excepti
672 3323 780 3409 Sion,
814 3326 969 3391 immunes
997 3326 1036 3391 ab
1065 3324 1170 3393 hostili

229 3445 352 3538 impetu
371 3467 434 3510 una
456 3467 530 3511 curn
548 3442 728 3529 Westergos
749 3459 811 3511 tots
831 3459 864 3510 et
890 3445 1058 3532 Ostergoae
1083 3444 1167 3512 sern-

231 3563 348 3631 nissinu
380 3577 488 3654 perte,
526 3560 581 3628 sed
615 3561 775 3654 sylvestres
811 3564 950 3650 regiones
980 3580 1011 3628 et
1041 3561 1170 3656 paludes

229 3685 406 3750 submersae
424 3682 563 3749 fuissent.
612 3682 781 3748 Immenius
805 3699 910 3748 autem
928 3680 1099 3751 Guilielmo
1118 3683 1168 3748 vi-

231 3801 387 3887 debatur,
408 3800 475 3896 ·bos
505 3816 621 3869 tractus
658 3827 675 3866 n
707 3799 824 3891 reliqua
867 3801 963 3868 Frisia
1003 3798 1166 3869 divelleret

232 4085 234 4092 '
268 4087 309 4154 (ι)
331 4085 471 4149 Ennius,
491 4087 579 4153 sss.
613 4086 711 4156 neyd,
732 4088 750 4140 Ι.
768 4085 787 4138 l.
807 4105 833 4154 p.
851 4105 893 4156 7⁰·
930 4087 1003 4152 bor,
1024 4089 1167 4155 i.l.p.22.

232 4175 339 4238 Ηοοίῑ,
358 4175 379 4226 l.
397 4175 417 4228 Ι.
433 4193 462 4242 p.
482 4174 540 4230 rio.
559 4193 635 4245 seqq.
674 4176 835 4243 Kiuitsop.
852 4179 900 4231 cit.
918 4178 948 4230 Ρ.
968 4179 1006 4236 ll.
1026 4196 1052 4244 p.
1073 4178 1130 4248 137.
