3454 5658
979 793 1020 860 32

533 957 574 1028 ad
588 964 745 1034 Cnceeam
761 961 924 1032 aedificare
938 966 997 1032 sibi
1012 963 1135 1044 liceret,
1159 964 1206 1033 vel
1224 982 1261 1032 ut
1275 959 1341 1058 ipse
1356 965 1469 1034 Comes

535 1085 673 1151 muniret
698 1083 803 1152 locum
830 1085 1069 1178 imponeretque
1092 1086 1121 1152 ei
1142 1084 1350 1178 praesidium,
1383 1089 1471 1178 quasi

536 1220 636 1289 tegere
654 1203 734 1270 fines
756 1227 824 1270 suos
848 1205 888 1270 ab
909 1202 1202 1271 Otterdumensium
1225 1205 1347 1297 impetu
1369 1205 1470 1272 velletr

536 1322 739 1409 Guilielmus,
769 1325 826 1390 ubi
853 1347 957 1392 veram
987 1347 1122 1390 caussam
1143 1325 1288 1404 rescivit,
1322 1323 1473 1390 continuo

533 1439 641 1507 litteris
672 1443 859 1534 Equestrem
887 1440 1045 1509 Ordinem
1072 1458 1104 1507 ct
1124 1443 1268 1509 Civitates
1290 1443 1417 1508 viciniae
1440 1458 1473 1506 et

535 1561 683 1626 amicitiae
706 1583 855 1627 memores
875 1585 989 1628 esseae
1006 1576 1150 1652 reputare
1164 1559 1275 1649 jussit,
1298 1581 1395 1652 quam
1410 1563 1471 1627 be·-

536 1680 629 1764 nigne
650 1683 776 1748 Batavos
797 1681 931 1765 exsules,
950 1678 1120 1772 tyrannidis
1144 1680 1328 1771 Hispanicae
1345 1696 1471 1773 tempo-

535 1823 586 1883 re,
605 1803 806 1894 excepissent.
851 1803 935 1868 Haec
953 1799 1117 1867 voluntatis
1133 1797 1249 1865 indicia
1265 1823 1323 1882 ne,
1342 1799 1474 1867 faventes

463 1949 465 1956 ’
535 1921 732 1987 mercenariis
763 1922 924 2012 Hispanis,
958 1945 994 1986 ac
1027 1936 1142 1987 veteres
1172 1922 1266 1986 socios
1287 1919 1474 2012 prodentes,

536 2039 751 2123 macularent3
791 2063 831 2105 ne
861 2055 1069 2132 provocarent
1089 2038 1227 2122 bellum,
1263 2037 1367 2129 quod,
1402 2064 1477 2105 cum

534 2157 627 2224 semel
645 2159 822 2242 exarsisset,
849 2159 1030 2226 incruentos
1060 2158 1096 2223 iis
1126 2173 1254 2225 eventus
1284 2182 1350 2224 non
1380 2133 1474 2251 praess

536 2281 677 2344 bitmum
706 2293 792 2343 esset.
836 2278 1054 2368 Quamobrem
1077 2275 1241 2360 viderent,
1276 2302 1317 2342 ne
1340 2277 1379 2343 ab
1401 2278 1475 2370 ipsis

537 2396 600 2462 istis
621 2395 819 2492 mercenariis
840 2396 950 2485 pejora
970 2393 1140 2485 aliquando
1160 2395 1396 2487 experirentur,
1422 2397 1479 2488 qui

537 2511 623 2580 haud
647 2510 744 2579 dubie
765 2529 797 2580 et
817 2514 959 2605 ipsorum
986 2529 1017 2578 et
1043 2516 1230 2581 Batavorum
1258 2512 1479 2580 insidiarentur

538 2632 637 2700 saluti.
683 2633 809 2699 Scirent
832 2656 898 2699 non
921 2629 999 2730 adeo
1020 2632 1161 2698 infirmas
1185 2636 1370 2700 Batavorum
1399 2635 1478 2701 vites

540 2777 622 2836 esse,
653 2753 733 2844 quin
761 2775 835 2834 ecs,
859 2753 916 2841 qui
939 2775 1045 2820 secum
1066 2751 1231 2838 confligere
1253 2769 1425 2844 cuperent,
1448 2770 1480 2819 et

540 2897 613 2940 cum
634 2859 779 2964 Hispanis
802 2872 1033 2963 conspirarent,
1054 2871 1176 2938 fortiter
1196 2870 1319 2958 aggredi
1341 2896 1377 2937 ac
1397 2869 1477 2936 fun-

445 2983 451 2998 '
539 2990 623 3057 ditus
655 2989 823 3083 profligare
856 3006 991 3082 possent.
1036 2990 1138 3078 Hujus
1167 2990 1311 3082 epistolae
1340 2987 1480 3082 exempla

542 3111 717 3178 Comitibus
750 3107 892 3176 Edsardo
923 3126 955 3174 et
979 3111 1091 3175 loanni
1113 3111 1214 3192 misit,
1249 3133 1289 3175 ne
1312 3110 1347 3175 in
1369 3110 1480 3176 inscios

521 3255 591 3297 eos
610 3231 763 3297 concitare
787 3231 902 3296 civium
926 3229 1043 3298 animos
1066 3226 1241 3314 videretur3
1265 3253 1315 3295 eos
1336 3244 1480 3321 precatus

542 3375 672 3440 quoque
692 3366 753 3434 est,
777 3366 814 3414 ut
843 3351 992 3416 intactam
1019 3365 1176 3416 servarent
1205 3349 1332 3415 viciniae
1359 3347 1478 3429 iidem,

541 3492 647 3559 neque
666 3467 901 3558 imprudentius
922 3469 1148 3536 nonnullorum
1168 3467 1386 3535 malivolentiae
1403 3494 1476 3555 gra-

540 3585 745 3653 tificarentur.
797 3588 949 3652 Obtinuit
971 3585 1058 3676 quod
1080 3587 1197 3674 voluit3
1222 3589 1327 3656 omnia
1342 3589 1377 3654 in
1397 3613 1477 3656 con-

541 3703 678 3774 cordiam
707 3704 878 3772 redieruut.
905 3703 945 3774 lt)

580 3989 847 4059 (tineyd,t.1v.
874 4010 897 4058 p¹
920 3993 963 4047 64.
1009 3992 1080 4054 Bor,
1113 3993 1328 4057 1.xx1.p.11.
1374 3981 1476 4055 llooft,

544 4078 563 4130 l.
577 4077 691 4134 xxltl.
710 4098 728 4147 p
752 4097 810 4133 ιοι.
829 4098 905 4150 seqq.
940 4079 1111 4150 Wagenaar,
1129 4081 1149 4132 l.
1162 4082 1182 4138 Ι.
1199 4100 1226 4149 p.
1237 4082 1281 4134 68.
1331 4083 1333 4088 “
