3456 5676
571 1033 614 1092 ld
635 1054 663 1112 p.
689 1033 754 1092 132.

725 1213 800 1273 Loca
820 1211 962 1290 quaedam
983 1211 1017 1268 dc
1038 1209 1197 1270 Gaitietmo
1217 1209 1364 1270 Litdoeico
1379 1231 1415 1268 cs
1428 1211 1504 1272 Ora·

761 1316 840 1374 tiarae
857 1311 1039 1394 panegyrica
1054 1314 1085 1372 S.
1105 1313 1255 1371 Siocosaoe
1270 1311 1376 1393 ,tteoa
1402 1311 1504 1396 1610).

602 1555 681 1564 --
702 1521 739 1579 llt
757 1519 946 1578 Gubernator
972 1515 1082 1594 aliquis
1102 1516 1134 1574 in
1154 1516 1239 1587 navi,
1264 1516 1344 1575 inter
1362 1515 1500 1578 decuma-

561 1643 615 1682 nos
633 1631 663 1681 et
682 1621 840 1681 continuos
858 1620 968 1679 fluctus
983 1618 1084 1678 navim
1100 1617 1248 1696 dirigens,
1272 1617 1374 1678 oculos
1386 1636 1502 1698 semper

562 1725 598 1784 ad
617 1724 738 1804 polum,
762 1721 882 1781 aliudve
905 1719 992 1798 sydus
1015 1719 1089 1780 fixos
1110 1727 1209 1792 tenet,
1233 1729 1264 1778 ot
1292 1738 1329 1778 ex
1356 1721 1415 1780 situ
1436 1722 1501 1800 ejus

559 1845 680 1886 cursum
702 1844 789 1884 suum
807 1823 927 1901 dirigit,
950 1821 994 1881 ita
1019 1829 1070 1893 tu,
1095 1821 1317 1900 sapientissime
1342 1820 1498 1884 Guberna-

558 1937 621 1998 ιον,
645 1927 677 1986 iu
703 1925 760 1986 hac
787 1924 980 2003 Reipublicae
1008 1931 1128 1984 nostrae
1155 1923 1224 1982 navi
1246 1922 1284 1982 ad
1303 1922 1420 1984 clatum
1449 1943 1497 1984 se-

558 2030 630 2089 dens
657 2047 726 2088 cum
748 2025 921 2086 illustribus
947 2025 1092 2085 Ordinem
1125 2023 1296 2104 Deputatis,
1330 2036 1361 2085 et
1389 2045 1497 2104 magno

553 2130 693 2190 iustitiae
728 2129 854 2199 Senatu,
888 2127 969 2187 inter
1006 2126 1149 2186 maximos
1176 2136 1208 2186 et
1234 2127 1496 2206 periculosissimos

552 2251 721 2302 armorum,
763 2229 1040 2306 dissensionumque
1082 2227 1192 2287 fluetus
1230 2227 1501 2300 administrationis,

555 2344 625 2394 tuae
653 2351 774 2392 cursum
792 2331 829 2390 ad
848 2330 1027 2390 reformatae
1049 2329 1219 2408 religionis,
1242 2339 1273 2388 et
1293 2329 1432 2409 publicae
1445 2350 1494 2390 sa·

554 2434 626 2494 lutis
652 2434 909 2494 conservationem
930 2440 1073 2510 tanquam
1094 2430 1260 2489 certissima
1282 2429 1387 2508 sydera
1415 2449 1490 2490 sem·

551 2557 605 2616 per
622 2536 778 2606 direxisti,
802 2544 832 2594 et
849 2533 972 2594 salutari
989 2551 1094 2592 eorum
1112 2530 1282 2592 consilioue
1293 2532 1441 2592 constanti
1452 2532 1491 2592 ad

547 2639 676 2717 patriam
703 2635 935 2698 conservandam
961 2633 1117 2694 voluntate
1145 2651 1182 2692 ex
1210 2634 1489 2712 tempestuosissimo

548 2738 697 2802 bellorum
728 2738 863 2797 civilium
892 2736 985 2806 mari,
1027 2734 1197 2814 adspirante
1225 2733 1286 2794 Deo
1314 2734 1381 2814 Opt.
1411 2735 1486 2796 Max.

548 2839 759 2900 secundissimo
793 2839 912 2898 divinae
947 2837 1124 2896 clementiae
1150 2835 1269 2898 favonio
1299 2837 1337 2896 ad
1367 2848 1487 2916 portum

547 2941 686 3022 publicae
701 2938 811 3018 quietis
827 2938 976 2999 foeliciter
994 2936 1153 2996 deduxisti.
1175 2970 1216 2981 —
1234 2937 1371 2998 Decimus
1386 2950 1488 3000 sextus

547 3062 577 3102 as
598 3041 772 3102 Provinciae
795 3049 915 3100 nostrae
932 3037 1136 3110 Gubernator,
1160 3037 1198 3098 ab
1217 3057 1253 3098 eo
1272 3049 1404 3118 tempore
1423 3063 1485 3121 quo

546 3155 619 3205 ante
637 3164 730 3204 annos
753 3143 809 3202 112
839 3141 963 3200 Alberto
990 3140 1134 3199 Saxoniae
1154 3139 1284 3218 principi
1310 3141 1487 3204 Provinciae

544 3256 664 3308 nostrae
694 3243 943 3324 gubernationem
977 3239 1208 3318 resignavimus,
1252 3251 1282 3300 et
1319 3260 1356 3302 ex
1391 3243 1483 3312 Fastis

544 3348 653 3408 nostris
664 3354 794 3417 constat,
817 3344 935 3402 nullum
952 3362 987 3400 ax
1004 3340 1240 3420 praecessoribus
1257 3343 1316 3402 tuis
1335 3351 1395 3403 tam
1413 3345 1478 3418 diu,

543 3461 604 3511 tam
630 3447 778 3509 foeliciter
807 3445 1003 3524 gubernasse:
1037 3443 1181 3522 superasti
1207 3464 1308 3504 omnes
1331 3455 1367 3504 ut
1385 3466 1478 3506 anno·

541 3571 609 3617 rum
638 3549 812 3620 curriculis,
836 3547 879 3607 ita
905 3545 1130 3606 administrandi
1160 3545 1324 3606 faelicitate
1351 3557 1383 3607 et
1406 3569 1478 3612 carn-

541 3653 660 3718 stantii.
703 3652 779 3712 llaec
807 3659 879 3711 sunt
904 3647 1068 3728 peculiaria
1088 3647 1262 3708 Provinciae
1287 3661 1407 3711 nostrae
1424 3651 1477 3710 be-

538 3755 660 3825 neficia,
694 3771 770 3831 quae
794 3751 922 3812 durante
955 3748 1145 3809 faelicissima
1178 3759 1229 3810 tua
1258 3751 1475 3828 gubernatione

537 3855 714 3932 consequuti
743 3873 859 3925 smnus,
890 3852 928 3910 de
953 3850 1062 3929 quibus
1087 3851 1145 3912 hoe
1174 3852 1334 3914 laetissimo
1361 3855 1480 3915 reditus

540 3959 585 4017 tui
609 3956 658 4014 die
684 3955 785 4013 dicere
810 3953 843 4013 in
870 3957 968 4016 animo
996 3968 1069 4018 crat.
1112 3957 1169 4016 Sed
1197 3955 1279 4034 quod
1304 3956 1475 4016 incredibili

537 4073 589 4119 tua
627 4056 801 4136 prudentia,
845 4067 876 4116 et
910 4080 1011 4120 reram
1045 4059 1243 4141 gerendarum
1272 4059 1381 4138 peritii
1407 4070 1474 4139 post

536 4160 791 4242 quadragesimam
819 4161 969 4222 bellorum
994 4165 1128 4225 civilium
1154 4183 1277 4223 messem
1305 4183 1373 4222 cum
1398 4164 1471 4222 reli-
