3454 5658
1014 854 1057 920 44

571 1027 699 1118 scriptas
728 1027 806 1112 leges
837 1025 1006 1108 violarent,
1028 1022 1230 1092 animadverti
1250 1015 1365 1090 debere
1383 1023 1511 1110 jubens.

569 1146 782 1214 vuunoman
814 1141 1047 1237 imprudentius
1076 1144 1169 1230 egisse
1201 1140 1345 1225 videtur,
1371 1141 1510 1231 praeci-

570 1263 688 1357 piendo
731 1265 971 1351 magistratibus,
1014 1277 1050 1328 ut
1092 1261 1279 1348 diligenter,
1324 1262 1510 1350 qmcunque

569 1399 725 1474 suspectae
768 1380 844 1447 fidei
889 1396 1010 1463 essent,
1053 1380 1270 1461 observarent,
1315 1392 1410 1467 atque
1449 1373 1507 1441 ali-

569 1498 721 1594 quamdiu
753 1526 771 1566 a
806 1500 920 1568 civium
961 1500 1104 1596 societate
1140 1511 1272 1565 remotos
1306 1497 1342 1562 in
1377 1494 1510 1562 urbibus

568 1621 679 1707 quietis
710 1618 759 1686 vel
788 1621 822 1685 in
856 1621 935 1705 agris
958 1632 1122 1700 tenerent,
1144 1639 1200 1707 spe
1219 1614 1325 1700 saort,
1346 1615 1372 1682 si
1393 1612 1508 1682 mode-

567 1753 633 1804 rate
653 1761 685 1803 se
706 1737 879 1822 haberent,
901 1738 998 1803 annui
1018 1739 1176 1804 bonomm
1195 1733 1325 1802 reditus.
1368 1736 1510 1802 Tantum

565 1871 669 1922 autem
693 1858 819 1938 aberat,
854 1873 891 1921 ut
915 1855 977 1923 boc
997 1854 1182 1922 mandatum
1205 1853 1389 1923 domesticae
1416 1870 1507 1920 man·-

565 1973 711 2064 quillitati
744 1973 879 2058 faveret,
911 1992 947 2042 ut
980 1977 1088 2042 turbas
1116 1976 1281 2059 excitaret,
1315 1997 1397 2066 quae
1418 1975 1507 2061 aegre

563 2087 712 2184 deinceps
731 2109 1006 2184 componerentur.
1049 2095 1131 2161 Nam
1146 2117 1227 2186 qrrae
1243 2093 1409 2162 hominum
1426 2094 1507 2162 ratio

562 2205 628 2273 iere
658 2225 724 2291 est,
755 2206 870 2274 dubiae
900 2207 978 2275 fidei
1011 2233 1105 2278 nemo
1128 2212 1188 2276 uisi
1210 2210 1384 2302 perinvitus
1406 2233 1502 2276 accu-

564 2328 709 2409 sabatur,
741 2351 845 2419 neque
878 2330 1093 2398 inveniebatur
1123 2331 1292 2421 quisquam
1324 2326 1401 2396 odeo
1427 2330 1504 2396 His-
1624 2374 1631 2382 ν

562 2449 652 2539 panis
675 2444 824 2530 studens,
853 2449 934 2539 quin
952 2447 1082 2514 baberet
1102 2449 1138 2514 in
1161 2447 1425 2532 Protestantibus,
1447 2449 1505 2537 qui

562 2590 623 2656 pro
655 2589 687 2630 se
722 2569 817 2634 verba
852 2565 988 2652 faceret,
1031 2582 1063 2632 et
1097 2566 1271 2634 cautionem
1309 2581 1500 2658 praestaret3

563 2686 685 2774 quippe
718 2708 828 2771 negare
861 2709 929 2753 eam
963 2685 1098 2752 alienum
1125 2711 1143 2752 a
1176 2683 1415 2752 mansuetudine
1433 2684 1503 2754 soe-
1585 2773 1587 2776 .

562 2799 660 2866 derati
692 2802 816 2893 imperii
847 2801 1031 2882 videbatur,
1062 2804 1162 2874 multo
1190 2828 1264 2873 vcro
1290 2807 1386 2892 magis
1407 2807 1447 2874 ab
1468 2829 1503 2873 eu

560 2917 747 3003 abhorrere,
769 2921 795 2984 si
817 2918 898 2986 sorta
918 2923 967 3004 is,
990 2925 1042 2990 cui
1063 2940 1188 2992 cautum
1209 2940 1308 3009 esset,
1336 2922 1500 3018 perfidum

558 3061 590 3102 se
607 3055 745 3124 gereret,
768 3038 877 3123 illum,
900 3041 956 3130 qui
979 3040 1025 3108 nil
1042 3041 1115 3108 mali
1134 3044 1307 3135 suspicatus
1325 3045 1500 3112 cautionem

307 3131 311 3138 Ι
453 3173 454 3182 ’
557 3157 774 3248 praestitisset,
804 3183 905 3251 poena
936 3159 1090 3228 metietur-i.
1143 3164 1346 3254 Consequens
1370 3186 1501 3254 quoque

555 3272 741 3361 videbatur,
773 3293 810 3344 ut
839 3303 1064 3370 quemcunque
1093 3283 1226 3373 patriam
1255 3280 1390 3374 prodere
1409 3281 1497 3350 baud

554 3391 710 3484 puderet,
741 3394 840 3464 fidem
872 3399 898 3463 is
927 3400 1034 3467 amicis
1065 3399 1212 3486 violaret,
1234 3402 1419 3494 qrticunque
1441 3425 1495 3471 sua

552 3511 692 3601 pericula
719 3513 904 3602 negligeret,
935 3517 1039 3584 alienis
1059 3541 1126 3586 non
1153 3543 1340 3613 magnopere
1362 3523 1494 3590 timeret.

553 3630 652 3720 Quod
672 3656 747 3720 ergo
771 3634 931 3702 Guilielmi
951 3661 1082 3704 acumen
1103 3636 1242 3726 fugerat,
1264 3663 1331 3708 uon
1352 3638 1493 3709 accidere

551 3771 617 3813 non
650 3765 791 3839 poterat,
823 3769 859 3818 ut
885 3772 1139 3847 exasperarentur
1173 3757 1339 3827 bominum
1372 3761 1491 3845 animi,

550 3884 619 3935 tum
639 3891 713 3935 vero
732 3871 844 3954 etiarn,
869 3873 895 3938 si
918 3876 974 3964 qui
994 3878 1100 3943 animo
1120 3876 1241 3944 hostilia
1262 3896 1488 3972 conceperunt,

531 3988 642 4053 utin
675 3989 711 4054 iis
745 3987 1017 4062 confirmarentur.
1061 3997 1151 4064 Hauc
1172 3997 1213 4064 ob
1236 4020 1304 4066 rem
1324 4023 1489 4092 nunquam

546 4121 650 4196 postea
667 4107 702 4170 in
722 4131 789 4174 earn
809 4113 1010 4194 sententiam,
1035 4115 1156 4203 quoties
1175 4113 1332 4184 ferebatur
1350 4119 1390 4184 ab
1405 4117 1487 4201 aliis,
