3456 5676
677 917 735 976 255

239 1079 306 1158 quis
334 1077 477 1140 ordinum
509 1075 728 1137 foederatorum
754 1075 876 1152 legatis,
910 1091 1060 1133 annorum
1087 1069 1176 1132 indn-

239 1180 312 1251 cius,
337 1190 367 1241 et
386 1179 536 1260 publicam
553 1177 686 1258 quietem
705 1175 791 1236 nobis
812 1175 993 1256 procurasti,
1019 1183 1078 1234 tarn
1093 1193 1175 1252 map-

238 1301 311 1341 uum
329 1290 360 1341 et
378 1281 540 1360 gloriosum
561 1289 620 1351 est,
654 1289 687 1338 ut
706 1278 826 1338 silentio
843 1277 1006 1338 transmitti
1029 1296 1089 1336 non
1108 1295 1175 1356 pos·

237 1385 284 1464 sit.
338 1383 403 1444 Non
430 1393 474 1444 est
498 1381 556 1442 hoc
584 1382 753 1462 privatum,
782 1381 833 1442 scd
862 1380 997 1440 omnibus
1016 1379 1177 1459 provinciis

237 1501 394 1544 commune
425 1483 618 1554 beneficium,
661 1493 692 1542 et
721 1501 776 1562 pro
802 1481 1009 1562 magnitudine
1029 1481 1094 1560 ejus
1113 1480 1175 1540 cla·

238 1585 318 1644 riore
339 1584 412 1646 tubi
444 1583 671 1646 decantandum.
724 1583 797 1644 Nam
824 1603 892 1644 cnm
921 1582 994 1642 haec
1026 1582 1118 1642 ardua
1147 1593 1177 1640 et

237 1683 365 1745 difficilis
383 1685 420 1744 de
437 1703 511 1764 pace
531 1703 600 1744 curn
616 1683 702 1745 boste
718 1683 901 1746 conficienda
929 1685 1105 1744 deliberatio
1126 1684 1173 1742 in-

237 1785 430 1864 stitueretur,
469 1795 500 1845 et
526 1785 659 1846 omniunt
691 1785 916 1846 Provinciorum
947 1787 1036 1864 iegati
1067 1785 1174 1863 dagam

238 1887 464 1948 Cornitatensem
496 1887 708 1958 convenirent,
741 1905 776 1946 ex
804 1887 930 1966 singulis
956 1881 1077 1967 quidem
1105 1889 1176 1948 Pro·

237 1988 343 2048 vinciis
371 1989 460 2048 electi
487 1999 572 2060 sunt,
597 1988 706 2067 quibus
733 1989 806 2050 baec
829 1989 985 2068 provincia
1006 1989 1175 2048 cumbusta

236 2090 473 2154 comrrrunicendi
503 2091 751 2150 conenitteretur.
807 2089 845 2149 dt
873 2101 925 2162 tu,
972 2090 1175 2150 iilustrissime

239 2193 355 2264 Cernes,
390 2191 595 2252 communibus
615 2191 887 2270 potentissimorum
914 2191 1056 2251 Ordinem
1079 2192 1174 2252 Gene-

237 2293 345 2354 raiium
372 2292 518 2371 suffragiis
533 2293 714 2353 constitutus
736 2311 782 2364 es,
814 2293 956 2372 quicum
982 2293 1173 2372 generosissi-

236 2413 285 2454 mo
322 2395 516 2456 Brodenrodii
548 2403 579 2454 et
608 2393 718 2456 Vinnae
755 2393 881 2456 Domino
914 2415 973 2456 non
1004 2395 1094 2454 unius
1122 2395 1173 2456 sed

238 2496 372 2557 omniurn
402 2497 624 2558 Provinciarum
652 2495 773 2558 numine
804 2497 990 2558 Nobilissimo
1027 2496 1073 2555 illi
1101 2515 1172 2556 con·

238 2599 343 2659 ventui
373 2618 434 2658 non
461 2600 633 2670 interesses,
676 2598 727 2658 sod
759 2605 923 2678 praeesses,
965 2607 997 2656 et
1032 2607 1172 2678 tanquam

236 2699 412 2760 sanctissimi
433 2699 516 2760 iliius
535 2699 659 2762 senatus
677 2699 818 2780 Princeps
837 2700 920 2760 actus
941 2719 1042 2760 ornnes
1060 2699 1172 2778 diripe·

236 2819 302 2872 ros,
346 2799 519 2880 Belgicique
558 2799 685 2862 foederis
714 2801 896 2880 maiestatem
926 2809 1171 2879 repraesentares.

237 2901 365 2962 Emicuit
386 2901 418 2962 in
448 2901 505 2963 boo
530 2901 646 2962 Illustri
675 2911 706 2962 et
730 2903 846 2962 excelso
876 2901 1009 2964 Concilio
1037 2903 1114 2962 acies
1143 2913 1174 2961 et

236 3001 339 3082 fulgor
364 3002 485 3084 qnidam
505 3003 618 3082 ingenii
644 3005 704 3076 tui,
737 3021 798 3084 quo
824 3004 855 3063 in
881 3005 1012 3074 animos,
1036 3013 1066 3064 et
1095 3013 1172 3064 tocta

236 3104 339 3166 seren.
369 3103 545 3166 Arobiducis
573 3107 748 3184 Legatoruin
778 3105 901 3167 consilia
932 3105 1110 3185 penetrasti,
1142 3117 1173 3164 et

236 3205 412 3286 perspexisti
438 3207 583 3286 quicquid
612 3207 718 3268 callida
747 3205 967 3268 machinatione
997 3209 1173 3288 praetende·

236 3309 314 3367 reirt.
367 3306 469 3367 Eluxit
489 3307 648 3388 prudentia
678 3318 746 3381 tua,
782 3328 882 3368 rerum
906 3318 999 3369 statne
1025 3311 1169 3389 segnitie,

236 3419 266 3468 et
301 3407 483 3471 admirabilis
513 3410 705 3471 consiliorum
737 3410 914 3482 moderatio,
960 3421 994 3471 ut
1020 3412 1045 3471 si
1076 3413 1173 3476 minus

236 3511 394 3591 utriusque
414 3511 507 3592 partis
528 3531 628 3572 sensus
648 3511 858 3582 convenirent,
883 3511 920 3571 ad
938 3512 1126 3574 concordiam
1143 3525 1173 3575 et

236 3613 382 3692 placidam
401 3614 699 3675 communicationem
729 3603 902 3674 reduceres:
935 3613 1066 3694 deniqne
1092 3619 1172 3676 omni

235 3733 342 3794 opere,
365 3715 481 3787 studio,
506 3716 660 3796 vigilantia
676 3715 882 3788 contenderes,
895 3725 928 3776 nt
945 3715 1019 3776 baec
1038 3718 1168 3791 excelsa,

236 3827 266 3876 ct
293 3817 383 3878 totius
415 3818 549 3898 Europae
575 3817 794 3898 exspectatione
815 3837 955 3897 suspenso
975 3818 1170 3892 deliberati0,

236 3935 304 3978 euin
327 3917 416 3979 finem
437 3921 610 3993 sortiretur,
634 3921 686 4000 qui
705 3917 1078 3980 Excelsae‘soodernturum
1100 3922 1171 3983 Pro·

235 4019 401 4080 vinciarnm
420 4020 612 4100 Reipublicae
628 4021 769 4083 honestus
785 4030 815 4081 et
835 4021 972 4082 salutaris
988 4021 1073 4081 ieret.
1097 4025 1170 4084 Sen-

238 4131 341 4180 serunt
373 4121 549 4202 frequenter
581 4123 778 4184 Illustrissiini
807 4123 1029 4208 Provincinrurn
1050 4111 1189 4184 Ordines*

237 4223 294 4284 boc
315 4223 395 4285 bello
416 4223 497 4284 civili
526 4224 557 4284 in
579 4225 819 4302 expeditionibus
849 4223 1055 4286 fortitudinem
1074 4237 1171 4300 tuutn,
