3408 5664
651 871 709 938 175

213 1061 450 1142 tempestatem,
474 1067 605 1114 numero
623 1069 659 1114 aa
681 1042 873 1113 vehementia
895 1042 1058 1114 Rou‘dana
1079 1041 1149 1111 fae-

214 1169 257 1236 tio
286 1165 506 1250 invalesceret,
549 1179 582 1232 et
617 1165 834 1232 criminaretur
857 1161 1057 1230 consiliorum
1083 1163 1151 1251 ejus

212 1287 418 1378 pravitatem,
454 1283 542 1378 quod
567 1281 760 1353 Covordium
783 1307 801 1349 a
823 1257 925 1350 Frisiis
958 1281 1151 1366 abalienare,

213 1405 329 1474 exsules
358 1405 492 1489 accolas,
524 1403 602 1473 clam
633 1403 745 1471 Frisiae
772 1401 969 1488 Ordinibus,
1001 1403 1036 1468 in
1069 1405 1152 1472 oiri-

215 1526 253 1594 lia
287 1528 430 1618 ipsorum
461 1525 642 1594 Provinciae
675 1523 806 1616 imperia
836 1522 1021 1608 restituere,
1062 1539 1157 1616 atque

215 1644 338 1714 tradere
367 1647 403 1712 iis
435 1643 552 1712 castella
573 1659 604 1710 et
628 1641 815 1710 munitiones
850 1655 1032 1728 conaretur,
1062 1659 1154 1710 estte-

220 1789 315 1860 quam
337 1765 439 1833 Frisiis
460 1764 602 1854 ingentes
623 1777 768 1848 sumtau,
800 1759 834 1827 in
859 1759 1051 1856 occupandis
1075 1759 1156 1830 aeil-

218 1881 401 1976 oiendisque
421 1885 457 1950 iis
481 1882 595 1968 iactos,
620 1883 810 1974 compensati
829 1898 949 1965 essent,
973 1879 1158 1955 Guilielmna

217 2001 387 2072 defendere
408 2025 440 2070 se
470 2004 510 2068 ab
539 2001 655 2068 borum
685 2001 809 2088 injuriis
838 2001 965 2085 statuit,
1000 2021 1039 2070 ao
1061 1999 1093 2068 d.
1122 2003 1158 2072 te

219 2123 326 2191 Martii
350 2123 432 2191 1594
456 2121 489 2188 in
518 2119 770 2210 frequentissimo
791 2117 953 2186 Ordinum
974 2137 1006 2186 et
1027 2113 1171 2210 Delega-¹

221 2258 327 2308 torum
348 2261 489 2309 oonoemu
514 2238 577 2307 hoo
600 2236 729 2307 dioendi
749 2237 913 2308 exordium
931 2239 1022 2309 iecita

267 2385 288 2426 a>
310 2361 514 2428 Committere
535 2383 601 2427 non
619 2381 763 2453 possum,
778 2357 1067 2447 Nobilism'miViri,
1081 2365 1161 2452 quin

225 2505 246 2546 r>
267 2481 361 2548 verba
380 2459 420 2545 ad
443 2503 495 2547 vos
516 2477 674 2564 iacturae,
706 2479 886 2546 reminiscar
906 2503 1043 2550 sumnus
1064 2483 1160 2548 beni-

224 2625 245 2667 »
265 2597 430 2682 velentiae,
447 2623 509 2691 qua
530 2623 581 2666 me
596 2601 747 2687 juvenem
759 2596 1060 2681 decennioabbino,
1075 2601 1162 2670 viet-

115 2695 118 2702 ⁴
224 2743 245 2786 s>
266 2719 312 2788 ria
333 2717 568 2787 Arausionensis
586 2719 621 2784 in
648 2716 708 2785 hac
724 2711 854 2806 ⁴regione
878 2734 1049 2813 potestate,
1072 2745 1162 2790 mor·

226 2863 246 2904 >s
268 2853 387 2929 tuoque
406 2836 474 2912 illo,
489 2838 555 2930 ipsa
577 2835 814 2904 Gubernatione
834 2837 972 2906 mmastia.
996 2836 1165 2934 Temporis

227 2981 249 3024 >s
269 2981 342 3024 sane
367 2957 525 3049 spatium,
562 2941 650 3048 quod
682 2957 767 3022 inter
790 2973 963 3050 unumque
988 2957 1076 3029 huno
1099 2963 1164 3031 ho·

226 3101 247 3144 n
269 3092 551 3161 norem,ex'aotnm
573 3093 635 3162 est,
669 3076 792 3144 bravius
823 3076 885 3143 suit
911 3075 951 3144 ad
977 3079 1163 3166 significan·

227 3217 248 3259 a>
270 3189 343 3259 dam
366 3193 532 3261 voluntatis
567 3215 652 3260 meae
680 3191 840 3283 studiique
870 3195 1080 3286 probitatem,
1103 3221 1164 3266 ne·

226 3334 248 3378 <s
269 3311 349 3380 dum
370 3311 409 3378 ad
431 3309 650 3406 praestandam
678 3312 854 3404 prwinciee
874 3335 1010 3404 operem-
1054 3307 1168 3410 Neque

228 3458 249 3499 >›
270 3455 344 3501 reto
355 3428 470 3505 deinde
484 3453 557 3498 cum
569 3431 672 3496 mtatis
684 3453 850 3524 progressu
861 3429 1046 3500 moderandi
1057 3433 1170 3530 impea

230 3577 250 3618 >a
271 3551 310 3617 rii
323 3551 431 3641 peritia
442 3547 615 3616 admodum
625 3564 712 3617 aucte
725 3565 780 3620 est.
815 3551 1035 3642 Qusresieoe
1060 3569 1165 3642 unu,

116 3739 117 3744 ,
231 3697 252 3738 >r
275 3688 392 3764 quanta
414 3693 469 3761 spe
487 3670 726 3762 praeceperitis,
761 3669 935 3758 effecerim,
965 3671 1082 3762 ingenii
1111 3673 1166 3761 id,

232 3815 256 3858 »
275 3813 406 3884 quaeso,
432 3791 515 3875 urei,
540 3813 635 3882 quem
663 3787 830 3860 voluntatis
857 3791 1000 3859 tenuitati
1030 3786 1169 3864 tribuere

233 3937 254 3978 >›
276 3909 396 3980 malitis.
434 3885 498 3978 Me*
518 3907 668 4002 quidem,
691 3907 776 3993 dun,
799 3910 943 4008 spirabo,
967 3918 1030 3980 taisi
1056 3913 1167 3982 eaitnia
1197 3892 1212 3934 '

234 4049 377 4100 >svestra
408 4028 582 4115 beneficis,
615 4031 733 4122 quibes
753 4053 803 4098 me
825 4029 1022 4117 curnulnstis,
1056 4033 1170 4102 Frisios
1272 4023 1277 4034 ’

238 4179 258 4219 >>
280 4152 479 4236 devincient3
527 4173 586 4218 neo
621 4175 673 4218 ros
706 4151 849 4236 latuerit,
892 4173 1004 4240 spero,
1049 4163 1168 4242 qrrsnto
1274 4155 1282 4174 '
1396 4235 1412 4273 ο
