3408 5664
979 879 1039 948 lot

543 1077 547 1086 ⁴
588 1051 669 1116 Tam
698 1071 848 1144 prospero
876 1073 981 1118 remm
1011 1066 1126 1119 eventu
1157 1050 1275 1132 sactum
1306 1063 1391 1132 erat,
1435 1059 1472 1112 ut

542 1169 657 1253 Frisiis,
680 1169 845 1256 Groninga·
861 1185 892 1236 et
914 1153 1288 1254 Accolae,>lirenthiaet
1308 1169 1474 1236 Tubantes

541 1285 682 1354 hostibus
714 1303 867 1356 vacarent.
931 1288 1086 1379 Quocirca
1109 1289 1143 1354 in
1167 1269 1372 1360 conventibus
1390 1310 1471 1379 pro-

541 1404 721 1474 vincialibus
755 1405 880 1497 (1598)
913 1408 971 1493 agi·
991 1408 1069 1478 serio
1104 1407 1207 1500 coepit
1238 1404 1280 1472 de
1307 1405 1472 1489 laborum,

543 1549 621 1615 qnos
644 1524 715 1592 belli
736 1523 830 1593 (luces
849 1542 880 1592 et
898 1527 1130 1594 ancmatores
1137 1547 1320 1619 permagnos
1328 1521 1470 1590 exantla-

541 1660 665 1728 verant,
686 1643 793 1715 dehita
809 1645 1064 1712 “muneratione
1084 1641 1283 1714 instituenda.
1326 1640 1376 1710 Ac
1395 1642 1470 1708 Fn‘-

540 1763 589 1828 siis
603 1761 750 1853 quidem,
770 1788 872 1855 quum
891 1765 1030 1856 praemio
1052 1786 1162 1832 ornare
1186 1759 1388 1834 Guilielmmn
1403 1776 1470 1826 sta-

542 1897 695 1965 tuerent,
716 1905 751 1950 ac
773 1898 871 1948 tenne
895 1897 1028 1967 tractus,
1051 1898 1137 1948 extra
1159 1877 1283 1952 Biltintn
1302 1902 1408 1947 recens
1430 1901 1470 1945 ex

540 1999 690 2067 alluvione
697 2017 801 2087 ortus,
812 2000 949 2070 necdum
959 2025 1066 2090 aggone
1073 2003 1114 2077 ab
1126 1999 1315 2091 aqnnrtnnvi
1325 1995 1469 2092 praeclu—

539 2142 607 2202 sus,
630 2117 714 2212 mille
725 2136 756 2186 et
771 2099 964 2212 septingenta
972 2125 1079 2209 jugera
1088 2101 1292 2213 amplitudine
1300 2116 1474 2201 excedens,

540 2239 568 2304 ei
584 2237 823 2326 decernentur,
843 2241 964 2308 obstitit
980 2239 1106 2308 advorsa
1119 2240 1229 2325 factio,
1251 2237 1398 2308 dictitans
1409 2261 1470 2330 pe-

539 2356 710 2424 riculosum
727 2381 790 2426 esso
807 2359 962 2443 libertati,
978 2361 1153 2454 provinciae
1164 2375 1287 2452 partem
1296 2359 1471 2458 anema-

541 2477 600 2543 tori
621 2475 747 2548 nonan:
771 2502 908 2569 namque
928 2477 1015 2550 dono
1035 2477 1089 2547 illo
1099 2503 1164 2547 non
1174 2495 1377 2562 contentum,
1398 2501 1471 2544 mox

539 2595 649 2686 plura,
695 2599 870 2665 universam
902 2599 989 2668 hrosi
1022 2598 1215 2691 provinciam
1246 2597 1470 2690 appetiturum.

539 2715 605 2781 Nec
628 2736 702 2780 vero
723 2716 816 2780 ctiam
838 2739 934 2806 penes
963 2715 1123 2784 Oniinnm
1157 2715 1268 2804 legatos
1299 2715 1356 2784 soli
1384 2713 1471 2782 divi-

539 2827 636 2894 dendi
654 2829 923 2926 distribuendiqne
943 2833 1120 2904 facultatem
1135 2859 1223 2922 esse,
1269 2835 1389 2928 populo
1409 2835 1471 2904 hoo
1537 2846 1540 2854 “

535 2952 588 3038 jus
610 2961 803 3038 competere,
833 2953 921 3040 cnjus
942 2977 1029 3020 nunc
1048 2951 1200 3038 dominia,
1227 2969 1264 3020 ut
1291 2970 1382 3020 antea
1402 2954 1470 3020 Re-

538 3067 601 3154 gis,
624 3085 735 3136 essent.
777 3071 903 3136 Inventi
924 3095 1052 3162 quoqne
1072 3088 1166 3157 sunt,
1195 3072 1252 3161 qui
1273 3072 1351 3159 gnati
1374 3072 1470 3138 anitii

539 3188 749 3254 testimonium
776 3189 951 3258 ambitiosae
982 3189 1147 3278 largitionis
1175 3189 1304 3258 crimine
1332 3190 1470 3258 insecta·-

537 3323 665 3390 1·entu1·,
696 3307 745 3374 alii
787 3333 839 3375 sna
874 3310 1015 3401 ipsorum
1048 3309 1156 3375 merita
1192 3309 1310 3401 scripto
1343 3310 1469 3398 consig-

539 3426 673 3509 nabant,
708 3427 788 3495 saeta
821 3425 1008 3496 damnorum
1031 3427 1207 3512 mentione,
1243 3452 1324 3520 quae
1345 3451 1406 3522 pro
1424 3427 1468 3496 li·

538 3543 655 3608 bertate
672 3541 855 3610 dimicantes
873 3546 1083 3638 accepissent,
1104 3546 1263 3638 petitaque
1284 3571 1469 3640 compensa-

538 3663 641 3746 tione,
683 3663 708 3728 si
748 3663 907 3731 Guilielmi
942 3659 1134 3731 1emunern1i
1168 3665 1276 3731 merita
1321 3665 1469 3758 placeret.

541 3777 687 3846 Attamen
718 3805 790 3854 cum
814 3783 917 3850 irritos
941 3799 1066 3850 conatus
1088 3806 1157 3851 suos
1188 3780 1349 3868 viderent,
1384 3811 1469 3878 pru-

534 3959 839 3980 Μ

539 4055 598 4106 Van
616 4030 755 4121 lllctercn,
785 4059 804 4112 l.
823 4059 906 4113 XIX.
925 4079 952 4128 p.
973 4057 1034 4114 ⁴44.
1058 4080 1134 4131 seqq.
1183 4061 1260 4126 Bor,
1288 4063 1308 4114 l.
1326 4063 1469 4120 xxxlv.

538 4173 554 4226 Ι»
590 4146 632 4198 58.
657 4165 734 4216 seqq.
783 4150 920 4212 Grotius,
942 4151 961 4205 l.
982 4149 1156 4220 V10P·²9⁰·
1202 4150 1387 4216 Winsemius,
1406 4153 1426 4205 Ι.
1446 4153 1468 4204 l.

537 4261 564 4315 p.
583 4241 725 4296 stt-tto.
763 4238 929 4311 Wogenaar,
949 4241 967 4292 Ι.
987 4240 1006 4292 Ι.
1025 4257 1053 4307 p.
1070 4239 1133 4292 468.
1150 4257 1230 4309 seqq.
