3456 5676
673 900 734 964 231

232 1073 346 1157 magis,
384 1088 465 1138 certe
495 1074 661 1164 temperari
691 1074 730 1137 ab
756 1072 818 1138 hoc
847 1075 943 1164 ipsius
977 1073 1110 1164 patrueli
1144 1089 1175 1137 et

230 1194 332 1257 amico
359 1193 493 1274 sivisset,
528 1190 688 1282 probabile
713 1209 779 1274 est,
815 1191 1004 1282 prudentius
1039 1216 1112 1259 eum
1146 1217 1177 1258 se

233 1312 266 1374 iu
306 1312 488 1396 gravissimis
527 1311 729 1401 Reipublicae
769 1328 864 1402 atque
898 1313 1052 1379 Ecclesiae
1085 1315 1178 1378 rebus

231 1445 392 1514 gesturum
413 1430 513 1496 luisse.
558 1429 741 1500 Accedebat
760 1431 876 1500 scilicet
899 1435 1007 1499 ceteris
1032 1435 1177 1500 omnibus
1225 1409 1231 1424 ⁸

234 1547 393 1618 (luilielmi
418 1548 571 1618 Ludovici
605 1551 772 1616 virtutibus
806 1557 912 1618 animi
934 1554 1179 1641 aequabilitate,

232 1671 365 1756 quaein
385 1671 478 1734 rebus
499 1667 646 1755 gerundis
675 1687 770 1758 atque
790 1671 822 1734 in
843 1669 1010 1738 homiuum
1038 1695 1116 1753 usu,
1141 1688 1177 1736 ut

232 1803 315 1854 reete
338 1789 408 1879 quis
435 1805 502 1874 agat
523 1791 692 1878 vivatque,
715 1788 815 1855 valere
836 1788 1011 1880 plurimum
1034 1789 1119 1856 solet.

277 1909 427 1974 Ceterum
459 1910 493 1972 in
530 1907 734 1980 Guilielmum
769 1907 1039 1975 accommodemus
1077 1908 1175 1992 illud,

230 2027 320 2118 qued
345 2029 498 2095 verissime
530 2025 571 2093 de
603 2025 746 2114 Agricola
774 2029 992 2119 pronuntiavit
1022 2029 1171 2093 Tacitus:

230 2148 395 2238 quidquid
413 2171 453 2212 ex
475 2149 534 2212 itta
556 2150 756 2223 amavimus,
782 2146 947 2235 quidquid
967 2151 1084 2211 mirati
1111 2169 1172 2210 sa-

232 2291 320 2340 mus,
355 2277 467 2332 maaet
497 2289 753 2355 mansuramque
786 2271 889 2332 estin
912 2270 1034 2331 animis
1067 2267 1171 2330 bami-

232 2409 327 2455 auaa,
375 2390 410 2450 iu
438 2391 637 2452 aeternitate
674 2396 876 2476 temporum,
913 2387 1019 2472 fama
1051 2409 1172 2450 retum.

230 2501 351 2570 Multos
384 2513 529 2570 aeteram
554 2506 645 2570 *uelut
668 2508 829 2595 a'aglartoa
852 2517 884 2571 et
908 2507 1067 2595 arnobius
1087 2506 1171 2569 attt-

229 2627 281 2688 aa'o
305 2625 438 2688 obruet:
461 2625 533 2704 tlte,
552 2631 749 2713 posteritati
761 2637 923 2691 ratusratus
950 2635 982 2691 et
1006 2625 1172 2708 traditus,

231 2753 396 2831 stupuerstes
419 2749 483 2808 erit
507 2745 559 2812 (¹⁸.

228 2917 504 2934 Ἣ

267 3023 308 3092 (ι)
329 3024 448 3078 Tacitus.
472 3029 562 3097 Agric.
585 3032 647 3083 liae.
