3456 5676
993 902 1050 968 192

547 1067 708 1138 nobilitate
740 1072 914 1167 conspicuis
945 1087 977 1140 et
1010 1075 1165 1162 majorum
1192 1070 1289 1160 gloria
1323 1070 1489 1164 superbis,

546 1193 610 1257 sive
643 1217 716 1258 cum
747 1189 879 1284 plebejis
912 1192 1093 1260 hominibus
1126 1191 1308 1275 dissereret,
1343 1181 1491 1258 omnibus

485 1347 487 1352 .
547 1309 724 1377 affabilitate
749 1314 915 1400 gratissima
944 1329 976 1380 et
999 1312 1207 1380 benivolentia
1228 1338 1259 1380 se
1282 1311 1487 1380 commenda-

545 1445 616 1514 ret3
636 1453 716 1520 quae
737 1431 789 1498 vix
808 1429 872 1498 dici
890 1448 1013 1524 potest,
1038 1457 1135 1524 quam
1156 1433 1194 1498 sit
1212 1431 1371 1526 praeclari
1386 1435 1485 1498 uber-

546 1564 607 1614 tate
631 1551 666 1615 in
687 1552 754 1618 viro
773 1551 922 1644 principe
943 1568 1081 1644 spectata
1103 1554 1212 1619 virtus.
1238 1553 1278 1619 it)
1306 1583 1309 1591 *

589 1670 632 1734 Et
656 1670 700 1736 sic
723 1667 854 1758 quidem
874 1672 1036 1758 ingenium
1047 1671 1245 1738 Illustrissimi
1258 1673 1388 1739 Comitis
1400 1673 1487 1740 Gui-

541 1785 635 1852 lielmi
657 1790 824 1872 Nassavii,
849 1789 954 1880 quoad
979 1792 1137 1884 potuimus
1161 1793 1406 1874 accuratissime,
1428 1815 1490 1858 ex·-

545 1907 682 1996 primere
705 1931 812 1973 sumus
842 1911 955 1976 conati.
999 1912 1067 1976 Nec
1085 1935 1179 1995 sene,
1203 1911 1286 1979 hane
1314 1914 1381 2000 ejus
1404 1937 1485 1979 con-

543 2025 683 2117 templati
704 2028 891 2114 imaginem,
914 2027 1129 2096 dubitabimus
1148 2032 1268 2118 magnis
1291 2056 1365 2098 eum
1395 2033 1487 2114 viris,

544 2171 623 2238 quos
650 2163 682 2212 et
705 2149 847 2239 superior
881 2147 1000 2215 viderat
1034 2166 1135 2222 aetas.
1157 2167 1189 2216 et
1210 2152 1306 2244 ipsius
1330 2150 1486 2217 saeculum

542 2267 819 2360 praestantissimos
849 2267 943 2353 tulit,
972 2293 1144 2336 accensere.
1188 2267 1314 2360 Quodsi
1339 2268 1484 2337 conside·
1543 2307 1550 2320 ·

541 2411 663 2468 ramus,
687 2384 766 2477 quid
788 2388 849 2477 ipsi
868 2388 902 2452 in
926 2389 1013 2453 omni
1033 2412 1067 2452 re
1083 2385 1221 2474 agenda,
1244 2389 1306 2454 sive
1322 2385 1486 2454 diunicalct

542 2531 603 2599 pro
633 2508 693 2573 aris
722 2523 754 2572 et
779 2506 878 2589 focis,
924 2508 985 2573 sive
1013 2507 1046 2572 in
1080 2504 1283 2600 provehenda
1312 2522 1485 2572 versaretur

543 2627 778 2714 provinciarum
807 2627 924 2712 salute,
947 2651 1000 2692 seu
1023 2629 1102 2693 vitae
1130 2625 1315 2694 domesticae
1337 2644 1369 2693 et
1389 2627 1482 2692 sami-

541 2743 607 2809 liari
626 2761 767 2828 vacaret,
791 2748 889 2810 menti
908 2748 1107 2813 obversatum
1127 2746 1245 2829 fuerit,
1268 2771 1285 2813 e
1307 2749 1484 2829 sententia,

541 2888 606 2956 qua
626 2863 759 2955 symboli
779 2867 875 2930 instar
902 2867 1071 2948 utebatur,
1097 2865 1268 2952 intelligere
1299 2864 1376 2931 illud
1400 2865 1484 2933 lieet.

537 2985 703 3075 Namque,
724 3000 760 3051 ut
783 2983 1017 3051 Arausionensis
1034 2987 1186 3078 Princeps
1208 3002 1411 3076 usurpaverat
1430 2983 1482 3050 fe-

539 3129 592 3188 re,
614 3110 722 3171 saevis
751 3107 956 3194 tranquillus
978 3109 1014 3170 in
1035 3105 1156 3186 undis,
1190 3129 1226 3171 ae
1252 3104 1442 3184 Mauritius,
1464 3129 1483 3168 a

539 3241 627 3292 tanto
654 3248 685 3290 se
719 3240 811 3317 patre
844 3241 950 3291 ortum
980 3224 1135 3312 giolians,
1163 3247 1314 3317 usurpare
1347 3223 1480 3289 tandem

525 3345 576 3434 sit
607 3345 763 3410 surculus
792 3345 892 3409 arbor
916 3347 955 3408 (ut
997 3343 1136 3428 solebat,
1184 3345 1227 3409 ita
1269 3343 1479 3421 Guilielmus,

540 3463 680 3551 quamvis
718 3486 777 3529 nec
809 3463 983 3529 constantii
1014 3487 1144 3546 carens,
1189 3486 1295 3553 neque
1326 3464 1366 3528 ab
1394 3461 1481 3528 omni

539 3580 651 3669 gloriae
683 3580 788 3650 studio
817 3581 953 3666 alienus,
987 3599 1091 3650 tamen
1123 3584 1185 3650 hoc
1215 3585 1361 3650 utebatur
1394 3581 1478 3650 sere:

540 3702 587 3772 W
592 3705 649 3770 ila
673 3702 781 3772 Godt
802 3708 876 3770 mit
898 3705 1033 3770 claren.
1057 3702 1099 3774 (⁵)

532 3857 819 3884 -Ι--ιιι-

577 3944 619 4014 (ι)
640 3940 778 4006 Emmiua,
797 3960 825 4010 p.
837 3944 888 3996 234
899 3963 976 4014 seqq.

575 4032 617 4102 (a)
638 4031 698 4082 van
715 4031 854 4097 Meteren,
874 4034 894 4086 l.
908 4036 981 4089 xtt.
997 4035 1172 4105 p017ti,r77.

571 4121 613 4193 (3)
634 4120 754 4179 Ennius
771 4125 799 4176 iu
816 4124 870 4178 viri
887 4124 991 4196 Effigie.
1028 4123 1145 4178 Starter.
1169 4121 1339 4194 Lffkklaclu.
