3408 5664
963 831 1022 905 160

522 1024 620 1097 esset,
663 1007 696 1075 ld
729 1031 801 1078 vern
834 1010 940 1102 iprum
970 1008 1100 1082 minime
1134 1004 1247 1098 latere,
1291 1008 1465 1102 opprobrio

523 1131 651 1221 unique
673 1128 785 1217 agendi
815 1131 970 1198 rationem
990 1152 1076 1213 esse,
1100 1121 1363 1222 quandoquidem
1387 1133 1462 1198 nul·

524 1248 572 1314 lus
593 1246 722 1314 deberet
744 1273 807 1316 esse
832 1249 1088 1316 contentionibus
1114 1247 1222 1332 locus,
1244 1249 1269 1313 si
1280 1251 1380 1338 patria
1393 1250 1462 1318 bel·-

523 1367 555 1433 lo
577 1367 741 1436 laboraret.
764 1370 939 1451 Praestare,
952 1367 1055 1434 litium
1076 1391 1126 1434 eos
1149 1369 1407 1454 immemores,in
1428 1395 1466 1436 eo

457 1567 463 1578 ι
523 1487 702 1572 elaborare,
746 1504 783 1553 ut
816 1505 948 1556 externo
971 1487 1134 1578 invisoque
1166 1487 1255 1554 hoste
1278 1488 1465 1579 Respublica

505 1607 721 1692 liberaretur.
745 1607 880 1696 Quodsi
899 1609 1117 1675 communibus
1136 1608 1253 1674 viribus
1271 1607 1469 1692 effecissent,

521 1727 619 1797 levius
635 1726 786 1821 deinceps
803 1728 870 1794 fore
894 1726 1063 1799 discordias
1078 1729 1152 1815 jure
1174 1751 1371 1819 componere.
1404 1726 1463 1794 Sia

524 1846 703 1944 displiceret
737 1871 787 1914 eas
823 1849 925 1913 statim
958 1816 1186 1931 intermittere,
1230 1843 1392 1930 viderent,
1423 1869 1465 1911 ne

511 1965 604 2058 'quid
637 1968 756 2054 gravius
789 1983 973 2058 paterentur
1005 1968 1045 2032 ab
1074 1965 1183 2051 hoste,
1227 1980 1259 2032 et
1289 1964 1464 2032 libertatem

524 2110 598 2152 eum
615 2088 741 2174 juribus
761 2104 793 2152 et
809 2063 903 2154 omni
916 2110 950 2151 re
971 2109 1025 2152 sua
1044 2079 1226 2177 perderent.
1253 2086 1365 2176 Itaque
1378 2085 1463 2173 jus-

525 2216 562 2272 ta
597 2205 819 2272 moderatione
846 2205 972 2270 madius
996 2207 1036 2271 (¹)
1071 2221 1103 2270 et
1126 2202 1212 2272 dolos
1233 2202 1466 2296 disputantium

407 2379 410 2384 .
524 2325 599 2391 lusit
629 2323 835 2408 Guilielmus,
857 2340 889 2390 et
922 2345 995 2392 vero
1024 2323 1148 2407 effecit,
1170 2340 1207 2390 ut
1228 2326 1369 2391 acerrimi
1388 2325 1465 2416 qui·-

524 2468 588 2535 que
610 2444 850 2530 mitigarentur,
885 2444 1067 2535 patriaeque
1088 2467 1238 2511 memores
1268 2443 1309 2510 ad
1342 2431 1465 2537 ternpus

525 2581 610 2631 certe
641 2564 849 2655 quiescerent.
903 2564 1034 2629 Iteratae
1068 2578 1172 2629 tamen
1201 2585 1274 2631 rnox
1302 2563 1465 2655 querelae,

527 2707 607 2774 quae
636 2681 862 2750 Gubernatoris
902 2665 1041 2748 animum
1071 2679 1243 2749 admodum
1276 2684 1464 2750 afflixerunt.

527 2798 728 2868 Tradebatur
751 2803 780 2867 ei
802 2800 855 2868 die
884 2803 1006 2889 lMaji
1032 2804 1154 2870 1584a
1180 2800 1384 2892 quibusdam,
1402 2825 1464 2869 no-

526 2920 645 2987 bilibus
678 2918 819 3002 libellus,
864 2920 899 2984 in
933 2943 999 3011 quo
1034 2920 1157 3012 prolixa
1187 2937 1218 2987 et
1246 2923 1358 2988 acerba
1390 2941 1465 2988 ora-

528 3042 613 3108 tione
652 3039 781 3129 injurias
815 3038 1031 3126 Delegatorum
1076 3044 1294 3133 exponebant,
1337 3039 1464 3132 suppli-
1506 3109 1510 3118 ,

531 3179 656 3247 cantes,
682 3177 718 3227 nt
738 3161 774 3226 iis
796 3160 881 3226 malis
904 3176 1098 3252 quantocyus
1120 3159 1307 3228 mederetur.
1360 3161 1467 3252 Caput

526 3283 726 3352 accusationis
745 3296 831 3364 erat,
861 3277 950 3371 quod
972 3279 1111 3367 Delegati
1135 3281 1263 3368 negotiis
1286 3303 1319 3346 se
1342 3279 1465 3346 immis

531 3421 655 3490 nerent,
679 3426 818 3496 quorum
829 3399 912 3466 nulla
934 3423 1033 3492 penes
1052 3423 1102 3468 eos
1123 3399 1257 3487 legitima
1276 3413 1353 3464 esset
1368 3421 1465 3482 cura,

519 3524 586 3591 sibi
602 3538 780 3624 arrogarent
796 3520 1011 3589 auctoritatem
1025 3517 1186 3608 judicibus
1204 3515 1361 3602 debitam,
1372 3514 1464 3583 edic·

525 3688 817 3708 m

567 3787 608 3856 (r)
628 3785 764 3850 Grotius,
786 3787 859 3841 Anu.
875 3787 896 3838 l.
917 3784 970 3840 tv.
988 3803 1017 3853 p.
1033 3784 1075 3839 86.
1094 3781 1161 3836 Vid.
1179 3781 1264 3851 lleyd.
1283 3780 1300 3830 l.
1314 3779 1366 3834 IV.
1383 3797 1409 3846 p.
1421 3780 1469 3847 61,

523 3893 606 3949 peqq,
619 3903 649 3918 -
676 3878 719 3926 Er
738 3877 876 3948 zwesfdan
899 3878 929 3927 r'n
945 3877 973 3930 V
973 3874 1100 3926 rierland
1111 3881 1209 3944 grente
1233 3871 1466 3928 miaverstandern

530 3984 586 4020 aen
599 3965 646 4015 lret
659 3965 754 4029 slq'tan
765 3963 899 4016 darevalle
914 3965 1012 4035 Gracf
1018 3963 1132 4016 them
1143 3961 1321 4030 wndsrb'nge
1340 3959 1470 4011 berchei-

527 4054 645 4108 denlreid
651 4089 660 4117 ,
671 4053 842 4106 hsusclrlrairl
849 4073 884 4106 en
891 4054 996 4123 gednld
1003 4088 1012 4116 ,
1026 4070 1107 4104 ntaar
1119 4051 1264 4118 nietaltq'd
1273 4055 1328 4100 neat
1344 4047 1444 4098 vraclrt
1456 4065 1466 4095 r

528 4143 682 4200 bestesdde.
697 4164 736 4185 ··
755 4141 851 4202 Hoetu
870 4143 890 4196 l.
909 4141 992 4194 xxi.
1010 4157 1037 4210 p.
1057 4157 1084 4192 2·
