3408 5664
686 925 744 992 137

239 1096 347 1166 studiis
383 1091 537 1192 praeclara
569 1098 776 1166 emolumenta
809 1100 897 1166 Frisii
930 1117 1099 1194 ceperant,
1145 1113 1177 1166 et

238 1243 348 1312 capere
379 1220 576 1314 pergebant,
608 1243 719 1306 augere
751 1218 904 1312 latiusque
937 1243 970 1287 ea
1004 1243 1177 1311 pmpagare

235 1338 378 1425 studuit,
413 1358 508 1432 atquc
526 1363 565 1406 ex
584 1335 747 1407 Ordinurn
768 1338 925 1406 voluntate
942 1355 975 1404 et
996 1339 1177 1406 auctoritate

235 1460 339 1528 medii
377 1477 489 1528 aestate
522 1459 702 1546 Groningae
737 1456 832 1526 condi
862 1457 1029 1527 Academia
1061 1459 1174 1552 coepit.

234 1581 282 1646 Dc
312 1605 380 1672 quo
415 1580 616 1648 celeberrimo
647 1581 813 1664 instituto,
858 1579 914 1646 ubi
937 1603 986 1644 res
1010 1579 1176 1664 monebit,

232 1699 377 1792 pluribus
406 1701 510 1768 astrui
528 1723 634 1774 sumus
658 1698 711 1768 l¹l.

277 1821 361 1887 Haec
388 1818 472 1890 dum
500 1817 545 1886 cd
571 1818 805 1914 plmimormn,
844 1815 884 1888 ad
917 1819 1011 1884 totius
1043 1819 1174 1894 omnino

231 1939 433 2032 Reipublicae
461 1937 629 2014 utilitatem
648 1939 899 2030 peragebantur,
922 1937 1037 2003 iterum
1058 1937 1174 2005 accidit

232 2073 269 2123 ut
293 2056 523 2126 Gubernatoris
544 2058 671 2123 animus
685 2057 821 2128 motibus
845 2055 1051 2149 popularibus
1076 2079 1172 2123 vexa-

230 2191 336 2261 retur,
357 2201 393 2242 ae
408 2191 499 2278 ⁸gnato
515 2176 696 2244 nuberetur
719 2175 816 2266 quies.
860 2175 941 2248 Nem
963 2172 1172 2242 Leovardiana

231 2297 358 2383 civitas,
402 2296 440 2362 in
470 2293 552 2362 duas
576 2293 679 2363 divisa
704 2291 872 2386 sactiones,
918 2317 1054 2384 quarum
1079 2293 1171 2360 altera

230 2417 455 2504 magistratibus
486 2413 649 2503 illegitime
670 2415 804 2510 meede,
838 2415 903 2507 ipsa
926 2411 1078 2481 seditiosis
1105 2413 1170 2483 ho-

227 2535 368 2601 minibus
388 2550 555 2624 metans,
577 2533 722 2620 favebat,
754 2531 978 2606 donatistam
999 2537 1085 2629 juste
1108 2533 1171 2600 ad·
1210 2507 1215 2520 ⁸

227 2656 428 2739 versabatur,
453 2652 541 2745 quod
572 2653 647 2748 plus
668 2675 769 2744 aequo
788 2654 856 2724 sibi
879 2669 1078 2740 arrogarent,
1101 2679 1168 2748 pu-

228 2771 318 2841 blicis
345 2773 533 2842 tumultibus
557 2771 725 2841 laborabat.
786 2769 929 2843 Ordines
955 2774 991 2840 in
1029 2789 1170 2870 tempore

226 2893 407 2985 opprimere
418 2893 498 2960 mala
519 2891 698 2982 studentes,
719 2889 954 2978 Gubernatori,
977 2896 1115 2983 legatis,
1138 2913 1170 2963 ot

184 2985 187 2994 Δ
228 3013 398 3104 Supremas
422 3015 525 3080 emine
559 3011 769 3098 mandarunt,
800 3027 838 3078 nt
871 3015 966 3080 rebus
1000 3017 1166 3108 prospice-

226 3149 320 3220 rent,
354 3149 387 3199 et
411 3131 500 3223 quod
532 3133 592 3199 sibi
623 3129 693 3198 fieri
719 3131 880 3225 placeret,
912 3149 1166 3224 exsequerentur.

226 3254 305 3337 His,
340 3266 507 3344 postquam
536 3253 746 3318 communiter
779 3247 1019 3334 deliberassent,
1054 3275 1167 3322 novam

227 3369 420 3440 ordinandae
441 3371 570 3438 civitatis
589 3371 741 3438 rationem
759 3371 948 3437 constituere
974 3371 1073 3438 visum
1094 3389 1162 3460 est,

226 3486 314 3580 quod
352 3489 517 3576 aegerrime
557 3487 691 3554 ferentes
726 3471 920 3574 magistratus
953 3491 1056 3581 questi
1089 3508 1166 3558 sunt

224 3679 488 3697 m

265 3784 306 3852 (1)
327 3781 465 3849 Baudsrt,
494 3782 514 3837 l.
541 3784 591 3838 Vl.
621 3801 647 3852 p.
676 3785 719 3838 25.
764 3783 940 3855 wageriam,
970 3785 990 3839 l.
1018 3787 1038 3841 l.
1066 3805 1093 3856 p.
1122 3790 1167 3844 80.

162 3918 170 3939 ,
229 3870 370 3936 Bromius,
399 3891 426 3940 p.
445 3873 504 3928 230·
525 3879 594 3928 Aeta
616 3873 709 3930 Seeul.
728 3877 814 3929 send.
832 3875 920 3930 Grou.
938 3877 967 3928 in
980 3881 1104 3931 orations
1120 3879 1165 3933 ct.

227 3959 387 4031 Mnutinglrs
402 3980 427 4015 a.
443 3965 517 4019 1814.
533 3982 562 4031 p.
572 3965 615 4018 115.
634 3964 1051 4036 cotrord'sscury.11011anas
1067 3987 1164 4032 mem,

226 4059 246 4104 t.
269 4050 321 4104 tv.
339 4070 367 4118 p.
386 4055 409 4105 l.
438 4071 466 4120 p.
485 4071 545 4110 220.
563 4053 688 4125 ngenw.
705 4063 837 4113 stantem
857 4058 1026 4127 Groningen.
1057 4058 1166 4128 Effigies

227 4151 255 4194 ct
274 4143 345 4196 vitan
370 4141 453 4195 t’rott.
475 4143 559 4199 Acud.
579 4145 666 4202 Gron.
684 4154 712 4202 et
732 4145 827 4215 ont,
847 4147 933 4203 Gron.
954 4147 1029 4204 rote.
1048 4149 1163 4220 inprec·

226 4233 282 4286 lino
303 4230 468 4286 narratione.
