<?xml version="1.0" encoding="UTF-8"?>
<!DOCTYPE html PUBLIC "-//W3C//DTD XHTML 1.0 Transitional//EN"
    "http://www.w3.org/TR/xhtml1/DTD/xhtml1-transitional.dtd">
<html xmlns="http://www.w3.org/1999/xhtml" xml:lang="en" lang="en">
 <head>
  <title>
</title>
<meta http-equiv="Content-Type" content="text/html;charset=utf-8" />
  <meta name='ocr-system' content='tesseract 3.04.00' />
  <meta name='ocr-capabilities' content='ocr_page ocr_carea ocr_par ocr_line ocrx_word'/>
</head>
<body>
  <div class='ocr_page' id='page_1' title='image "./diatribeinguili00heusgoog_0182.png"; bbox 0 0 3408 5664; ppageno 0'>
   <div class='ocr_carea' id='block_1_1' title="bbox 982 865 1043 934">
    <p class='ocr_par' dir='ltr' id='par_1_1' title="bbox 982 865 1043 934">
     <span class='ocr_line' id='line_1_1' title="bbox 982 865 1043 934; baseline 0 -1"><span class='ocrx_word' id='word_1_1' title='bbox 982 865 1043 934; x_wconf 74' lang='lat' dir='ltr'><strong>les</strong></span> 
     </span>
    </p>
   </div>
   <div class='ocr_carea' id='block_1_2' title="bbox 543 997 1482 1133">
    <p class='ocr_par' dir='ltr' id='par_1_2' title="bbox 543 997 1482 1133">
     <span class='ocr_line' id='line_1_2' title="bbox 543 997 1482 1133; baseline -0.003 -22"><span class='ocrx_word' id='word_1_2' title='bbox 543 1037 678 1130; x_wconf 73' lang='lat' dir='ltr'><strong>llclcgati</strong></span> <span class='ocrx_word' id='word_1_3' title='bbox 690 1073 704 1127; x_wconf 86' lang='lat'><strong>‚·</strong></span> <span class='ocrx_word' id='word_1_4' title='bbox 723 1041 893 1111; x_wconf 78' lang='lat' dir='ltr'><strong>‹leiendere</strong></span> <span class='ocrx_word' id='word_1_5' title='bbox 915 1062 1068 1124; x_wconf 79' lang='lat' dir='ltr'>caussam,</span> <span class='ocrx_word' id='word_1_6' title='bbox 1095 1063 1222 1133; x_wconf 86' lang='lat' dir='ltr'><strong>poscere</strong></span> <span class='ocrx_word' id='word_1_7' title='bbox 1236 997 1380 1128; x_wconf 79' lang='lat' dir='ltr'><strong>judices,</strong></span> <span class='ocrx_word' id='word_1_8' title='bbox 1403 1046 1482 1132; x_wconf 85' lang='lat' dir='ltr'><strong>qui-</strong></span> 
     </span>
    </p>
   </div>
   <div class='ocr_carea' id='block_1_3' title="bbox 464 1160 1554 1734">
    <p class='ocr_par' dir='ltr' id='par_1_3' title="bbox 464 1160 1554 1614">
     <span class='ocr_line' id='line_1_3' title="bbox 544 1160 1486 1254; baseline -0.001 -26"><span class='ocrx_word' id='word_1_9' title='bbox 544 1167 601 1228; x_wconf 82' lang='lat' dir='ltr'><strong>bus</strong></span> <span class='ocrx_word' id='word_1_10' title='bbox 636 1166 826 1253; x_wconf 76' lang='lat' dir='ltr'><strong>probitatem</strong></span> <span class='ocrx_word' id='word_1_11' title='bbox 856 1171 944 1228; x_wconf 78' lang='lat' dir='ltr'><strong>suam</strong></span> <span class='ocrx_word' id='word_1_12' title='bbox 970 1164 1175 1254; x_wconf 78' lang='lat' dir='ltr'><strong>probarent,</strong></span> <span class='ocrx_word' id='word_1_13' title='bbox 1218 1160 1486 1254; x_wconf 84' lang='lat' dir='ltr'><strong>ostenderentque</strong></span> 
     </span>
     <span class='ocr_line' id='line_1_4' title="bbox 545 1279 1485 1378; baseline -0.002 -30"><span class='ocrx_word' id='word_1_14' title='bbox 545 1311 639 1378; x_wconf 79' lang='lat' dir='ltr'><strong>‹pamn</strong></span> <span class='ocrx_word' id='word_1_15' title='bbox 682 1285 758 1348; x_wconf 81' lang='lat' dir='ltr'><strong>essct</strong></span> <span class='ocrx_word' id='word_1_16' title='bbox 795 1283 853 1349; x_wconf 85' lang='lat' dir='ltr'><strong>vile</strong></span> <span class='ocrx_word' id='word_1_17' title='bbox 885 1279 1070 1348; x_wconf 84' lang='lat' dir='ltr'><strong>delatorum·</strong></span> <span class='ocrx_word' id='word_1_18' title='bbox 1101 1279 1185 1345; x_wconf 87' lang='lat' dir='ltr'><strong>istud</strong></span> <span class='ocrx_word' id='word_1_19' title='bbox 1228 1295 1344 1366; x_wconf 82' lang='lat' dir='ltr'><strong>genus,</strong></span> <span class='ocrx_word' id='word_1_20' title='bbox 1388 1303 1485 1371; x_wconf 87' lang='lat' dir='ltr'><strong>quam</strong></span> 
     </span>
     <span class='ocr_line' id='line_1_5' title="bbox 544 1399 1484 1493; baseline 0.001 -25"><span class='ocrx_word' id='word_1_21' title='bbox 544 1429 649 1468; x_wconf 85' lang='lat' dir='ltr'><strong>rerum</strong></span> <span class='ocrx_word' id='word_1_22' title='bbox 673 1407 825 1469; x_wconf 81' lang='lat' dir='ltr'><strong>novarum</strong></span> <span class='ocrx_word' id='word_1_23' title='bbox 858 1399 1054 1486; x_wconf 87' lang='lat' dir='ltr'><strong>studiosum,</strong></span> <span class='ocrx_word' id='word_1_24' title='bbox 1085 1423 1182 1493; x_wconf 89' lang='lat' dir='ltr'><strong>quam</strong></span> <span class='ocrx_word' id='word_1_25' title='bbox 1210 1401 1360 1467; x_wconf 80' lang='lat' dir='ltr'><strong>Catilinae</strong></span> <span class='ocrx_word' id='word_1_26' title='bbox 1382 1403 1484 1469; x_wconf 69' lang='lat' dir='ltr'><strong>socio-&#39;-</strong></span> 
     </span>
     <span class='ocr_line' id='line_1_6' title="bbox 464 1519 1554 1614; baseline -0.004 -27"><span class='ocrx_word' id='word_1_27' title='bbox 464 1547 472 1564; x_wconf 91' lang='lat'><strong>·</strong></span> <span class='ocrx_word' id='word_1_28' title='bbox 544 1520 680 1614; x_wconf 63' lang='lat' dir='ltr'><strong>suasuque</strong></span> <span class='ocrx_word' id='word_1_29' title='bbox 711 1522 827 1607; x_wconf 82' lang='lat' dir='ltr'><strong>simile,</strong></span> <span class='ocrx_word' id='word_1_30' title='bbox 860 1520 948 1614; x_wconf 85' lang='lat' dir='ltr'><strong>quod</strong></span> <span class='ocrx_word' id='word_1_31' title='bbox 980 1519 1156 1613; x_wconf 73' lang='lat' dir='ltr'><strong>dihpitlatis</strong></span> <span class='ocrx_word' id='word_1_32' title='bbox 1178 1519 1334 1605; x_wconf 80' lang='lat' dir='ltr'><strong>fortunis,</strong></span> <span class='ocrx_word' id='word_1_33' title='bbox 1368 1521 1486 1612; x_wconf 78' lang='lat' dir='ltr'><strong>patriae</strong></span> <span class='ocrx_word' id='word_1_34' title='bbox 1548 1535 1554 1548; x_wconf 93' lang='grc'><em>·</em></span> 
     </span>
    </p>

    <p class='ocr_par' dir='ltr' id='par_1_4' title="bbox 508 1638 1488 1734">
     <span class='ocr_line' id='line_1_7' title="bbox 508 1638 1488 1734; baseline -0.002 -27"><span class='ocrx_word' id='word_1_35' title='bbox 508 1665 517 1680; x_wconf 85' lang='lat'><strong>·</strong></span> <span class='ocrx_word' id='word_1_36' title='bbox 547 1643 640 1707; x_wconf 79' lang='lat' dir='ltr'><strong>exitio</strong></span> <span class='ocrx_word' id='word_1_37' title='bbox 668 1643 840 1734; x_wconf 85' lang='lat' dir='ltr'><strong>potentiam</strong></span> <span class='ocrx_word' id='word_1_38' title='bbox 875 1663 962 1707; x_wconf 89' lang='lat' dir='ltr'><strong>suam</strong></span> <span class='ocrx_word' id='word_1_39' title='bbox 1004 1651 1056 1706; x_wconf 81' lang='lat' dir='ltr'><strong>e&#39;t·&#39;</strong></span> <span class='ocrx_word' id='word_1_40' title='bbox 1081 1641 1293 1709; x_wconf 74' lang='lat' dir='ltr'><strong>auctoritatem</strong></span> <span class='ocrx_word' id='word_1_41' title='bbox 1334 1638 1488 1706; x_wconf 80' lang='lat' dir='ltr'><strong>redimere</strong></span> 
     </span>
    </p>
   </div>
   <div class='ocr_carea' id='block_1_4' title="bbox 442 1759 1486 1851">
    <p class='ocr_par' dir='ltr' id='par_1_5' title="bbox 442 1759 1486 1851">
     <span class='ocr_line' id='line_1_8' title="bbox 442 1759 1486 1851; baseline 0 -27"><span class='ocrx_word' id='word_1_42' title='bbox 442 1820 456 1833; x_wconf 84' lang='grc'><strong>,,</strong></span> <span class='ocrx_word' id='word_1_43' title='bbox 546 1759 718 1826; x_wconf 73' lang='lat' dir='ltr'><strong>studerent.</strong></span> <span class='ocrx_word' id='word_1_44' title='bbox 774 1762 919 1826; x_wconf 81' lang='lat' dir='ltr'><strong>Diversae</strong></span> <span class='ocrx_word' id='word_1_45' title='bbox 950 1762 1121 1825; x_wconf 87' lang='lat' dir='ltr'><strong>sententiae</strong></span> <span class='ocrx_word' id='word_1_46' title='bbox 1148 1771 1253 1842; x_wconf 79' lang='lat' dir='ltr'><strong>ortae,</strong></span> <span class='ocrx_word' id='word_1_47' title='bbox 1296 1759 1486 1851; x_wconf 84' lang='lat' dir='ltr'><strong>quibusnam</strong></span> 
     </span>
    </p>
   </div>
   <div class='ocr_carea' id='block_1_5' title="bbox 442 1879 1595 3998">
    <p class='ocr_par' dir='ltr' id='par_1_6' title="bbox 442 1879 1595 3998">
     <span class='ocr_line' id='line_1_9' title="bbox 547 1879 1504 1974; baseline 0.001 -31"><span class='ocrx_word' id='word_1_48' title='bbox 547 1901 665 1943; x_wconf 88' lang='lat' dir='ltr'><strong>caussae</strong></span> <span class='ocrx_word' id='word_1_49' title='bbox 694 1880 831 1964; x_wconf 84' lang='lat' dir='ltr'><strong>cognitio</strong></span> <span class='ocrx_word' id='word_1_50' title='bbox 861 1879 1130 1964; x_wconf 83' lang='lat' dir='ltr'><strong>committeretur3</strong></span> <span class='ocrx_word' id='word_1_51' title='bbox 1174 1879 1294 1967; x_wconf 81' lang='lat' dir='ltr'><strong>sactum</strong></span> <span class='ocrx_word' id='word_1_52' title='bbox 1317 1879 1504 1974; x_wconf 23' lang='lat' dir='ltr'><strong>praecipui·</strong></span> 
     </span>
     <span class='ocr_line' id='line_1_10' title="bbox 547 1996 1483 2087; baseline 0.004 -25"><span class='ocrx_word' id='word_1_53' title='bbox 547 1996 707 2062; x_wconf 75' lang='lat' dir='ltr'><strong>Guiliclmi</strong></span> <span class='ocrx_word' id='word_1_54' title='bbox 732 1999 920 2087; x_wconf 74' lang='lat' dir='ltr'><strong>ope1·i,·ut</strong></span> <span class='ocrx_word' id='word_1_55' title='bbox 944 2021 984 2063; x_wconf 92' lang='lat' dir='ltr'><strong>ne</strong></span> <span class='ocrx_word' id='word_1_56' title='bbox 1013 2019 1052 2064; x_wconf 85' lang='lat' dir='ltr'><strong>ex</strong></span> <span class='ocrx_word' id='word_1_57' title='bbox 1074 2023 1111 2064; x_wconf 85' lang='lat' dir='ltr'><strong>re</strong></span> <span class='ocrx_word' id='word_1_58' title='bbox 1134 2002 1213 2066; x_wconf 88' lang='lat' dir='ltr'><strong>tanti</strong></span> <span class='ocrx_word' id='word_1_59' title='bbox 1236 1999 1391 2067; x_wconf 89' lang='lat' dir='ltr'><strong>momenti</strong></span> <span class='ocrx_word' id='word_1_60' title='bbox 1423 1997 1483 2066; x_wconf 67' lang='lat' dir='ltr'><strong>da</strong></span> 
     </span>
     <span class='ocr_line' id='line_1_11' title="bbox 547 2114 1486 2212; baseline 0.005 -33"><span class='ocrx_word' id='word_1_61' title='bbox 547 2117 688 2180; x_wconf 80' lang='lat' dir='ltr'><strong>nimensi</strong></span> <span class='ocrx_word' id='word_1_62' title='bbox 708 2114 787 2208; x_wconf 83' lang='lat' dir='ltr'><strong>quid</strong></span> <span class='ocrx_word' id='word_1_63' title='bbox 812 2117 988 2208; x_wconf 79' lang='lat' dir='ltr'><strong>respublica</strong></span> <span class='ocrx_word' id='word_1_64' title='bbox 1010 2118 1139 2210; x_wconf 78' lang='lat' dir='ltr'><strong>ceperit.</strong></span> <span class='ocrx_word' id='word_1_65' title='bbox 1182 2121 1264 2186; x_wconf 88' lang='lat' dir='ltr'><strong>Nam</strong></span> <span class='ocrx_word' id='word_1_66' title='bbox 1283 2143 1385 2209; x_wconf 89' lang='lat' dir='ltr'><strong>quum</strong></span> <span class='ocrx_word' id='word_1_67' title='bbox 1406 2141 1486 2212; x_wconf 76' lang='lat' dir='ltr'><strong>per-</strong></span> 
     </span>
     <span class='ocr_line' id='line_1_12' title="bbox 548 2235 1487 2324; baseline 0.01 -26"><span class='ocrx_word' id='word_1_68' title='bbox 548 2235 721 2300; x_wconf 75' lang='lat' dir='ltr'><strong>timesceret</strong></span> <span class='ocrx_word' id='word_1_69' title='bbox 741 2237 906 2320; x_wconf 79' lang='lat' dir='ltr'><strong>maximas,</strong></span> <span class='ocrx_word' id='word_1_70' title='bbox 940 2238 966 2302; x_wconf 84' lang='lat' dir='ltr'><strong>si</strong></span> <span class='ocrx_word' id='word_1_71' title='bbox 988 2244 1152 2323; x_wconf 80' lang='lat' dir='ltr'><strong>urgeretur</strong></span> <span class='ocrx_word' id='word_1_72' title='bbox 1173 2261 1243 2324; x_wconf 87' lang='lat' dir='ltr'><strong>res,</strong></span> <span class='ocrx_word' id='word_1_73' title='bbox 1278 2239 1487 2324; x_wconf 80' lang='lat' dir='ltr'><strong>calamitates,</strong></span> 
     </span>
     <span class='ocr_line' id='line_1_13' title="bbox 550 2353 1488 2448; baseline 0.009 -29"><span class='ocrx_word' id='word_1_74' title='bbox 550 2354 710 2419; x_wconf 86' lang='lat' dir='ltr'><strong>continere</strong></span> <span class='ocrx_word' id='word_1_75' title='bbox 743 2355 778 2419; x_wconf 90' lang='lat' dir='ltr'><strong>in</strong></span> <span class='ocrx_word' id='word_1_76' title='bbox 818 2353 921 2424; x_wconf 72' lang='lat' dir='ltr'><strong>offido</strong></span> <span class='ocrx_word' id='word_1_77' title='bbox 959 2373 1108 2446; x_wconf 85' lang='lat' dir='ltr'><strong>utrasque</strong></span> <span class='ocrx_word' id='word_1_78' title='bbox 1137 2375 1240 2448; x_wconf 81' lang='lat' dir='ltr'><strong>partes</strong></span> <span class='ocrx_word' id='word_1_79' title='bbox 1274 2359 1362 2426; x_wconf 77' lang='lat' dir='ltr'><strong>solita</strong></span> <span class='ocrx_word' id='word_1_80' title='bbox 1393 2361 1488 2426; x_wconf 86' lang='lat' dir='ltr'><strong>beni·-</strong></span> 
     </span>
     <span class='ocr_line' id='line_1_14' title="bbox 442 2465 1489 2569; baseline 0.007 -32"><span class='ocrx_word' id='word_1_81' title='bbox 442 2480 445 2487; x_wconf 87' lang='lat'>&#39;</span> <span class='ocrx_word' id='word_1_82' title='bbox 523 2465 686 2566; x_wconf 63' lang='lat' dir='ltr'><strong>&#39;udentia</strong></span> <span class='ocrx_word' id='word_1_83' title='bbox 713 2487 744 2538; x_wconf 89' lang='lat' dir='ltr'><strong>et</strong></span> <span class='ocrx_word' id='word_1_84' title='bbox 773 2475 931 2564; x_wconf 90' lang='lat' dir='ltr'><strong>aequitate·</strong></span> <span class='ocrx_word' id='word_1_85' title='bbox 959 2477 1151 2544; x_wconf 83' lang='lat' dir='ltr'><strong>conabatur:</strong></span> <span class='ocrx_word' id='word_1_86' title='bbox 1184 2479 1354 2569; x_wconf 89' lang='lat' dir='ltr'><strong>sapientius</strong></span> <span class='ocrx_word' id='word_1_87' title='bbox 1385 2479 1489 2546; x_wconf 75' lang='lat' dir='ltr'><strong>musi-</strong></span> 
     </span>
     <span class='ocr_line' id='line_1_15' title="bbox 550 2591 1560 2684; baseline 0.009 -29"><span class='ocrx_word' id='word_1_88' title='bbox 550 2591 649 2676; x_wconf 85' lang='lat' dir='ltr'><strong>lium‚</strong></span> <span class='ocrx_word' id='word_1_89' title='bbox 674 2617 770 2684; x_wconf 67' lang='lat' dir='ltr'><strong>qum</strong></span> <span class='ocrx_word' id='word_1_90' title='bbox 801 2595 827 2658; x_wconf 91' lang='lat' dir='ltr'><strong>si</strong></span> <span class='ocrx_word' id='word_1_91' title='bbox 855 2593 1031 2659; x_wconf 74' lang='lat' dir='ltr'><strong>alterutrius</strong></span> <span class='ocrx_word' id='word_1_92' title='bbox 1058 2594 1200 2662; x_wconf 84' lang='lat' dir='ltr'><strong>factionis</strong></span> <span class='ocrx_word' id='word_1_93' title='bbox 1225 2621 1360 2663; x_wconf 86' lang='lat' dir='ltr'><strong>caussam</strong></span> <span class='ocrx_word' id='word_1_94' title='bbox 1381 2615 1502 2664; x_wconf 66' lang='lat' dir='ltr'><strong>susce-²</strong></span> <span class='ocrx_word' id='word_1_95' title='bbox 1558 2647 1560 2652; x_wconf 88' lang='lat'>-</span> 
     </span>
     <span class='ocr_line' id='line_1_16' title="bbox 552 2713 1491 2805; baseline 0.004 -30"><span class='ocrx_word' id='word_1_96' title='bbox 552 2713 666 2802; x_wconf 74' lang='lat' dir='ltr'><strong>pisam,</strong></span> <span class='ocrx_word' id='word_1_97' title='bbox 709 2737 775 2803; x_wconf 92' lang='lat' dir='ltr'><strong>quo</strong></span> <span class='ocrx_word' id='word_1_98' title='bbox 798 2729 1032 2804; x_wconf 79' lang='lat' dir='ltr'><strong>exasperatusus</strong></span> <span class='ocrx_word' id='word_1_99' title='bbox 1056 2716 1152 2800; x_wconf 81' lang='lat' dir='ltr'><strong>ungis</strong></span> <span class='ocrx_word' id='word_1_100' title='bbox 1180 2715 1300 2782; x_wconf 67' lang='lat' dir='ltr'><strong>animm</strong></span> <span class='ocrx_word' id='word_1_101' title='bbox 1330 2737 1428 2805; x_wconf 87' lang='lat' dir='ltr'><strong>quam</strong></span> <span class='ocrx_word' id='word_1_102' title='bbox 1457 2715 1491 2780; x_wconf 89' lang='lat' dir='ltr'><strong>in</strong></span> 
     </span>
     <span class='ocr_line' id='line_1_17' title="bbox 485 2827 1491 2928; baseline 0.009 -36"><span class='ocrx_word' id='word_1_103' title='bbox 485 2898 489 2908; x_wconf 51' lang='grc'><em>,</em></span> <span class='ocrx_word' id='word_1_104' title='bbox 554 2828 764 2924; x_wconf 77' lang='lat' dir='ltr'><strong>concordiam·</strong></span> <span class='ocrx_word' id='word_1_105' title='bbox 777 2827 960 2897; x_wconf 82' lang='lat' dir='ltr'><strong>redacturus</strong></span> <span class='ocrx_word' id='word_1_106' title='bbox 981 2832 1096 2899; x_wconf 72' lang='lat' dir='ltr'><strong>fmsset.</strong></span> <span class='ocrx_word' id='word_1_107' title='bbox 1128 2835 1177 2900; x_wconf 80' lang='lat' dir='ltr'><strong>Es</strong></span> <span class='ocrx_word' id='word_1_108' title='bbox 1198 2857 1235 2900; x_wconf 77' lang='lat' dir='ltr'><strong>es</strong></span> <span class='ocrx_word' id='word_1_109' title='bbox 1259 2850 1401 2928; x_wconf 83' lang='lat' dir='ltr'><strong>tempore</strong></span> <span class='ocrx_word' id='word_1_110' title='bbox 1419 2857 1491 2901; x_wconf 85' lang='lat' dir='ltr'><strong>cre-</strong></span> 
     </span>
     <span class='ocr_line' id='line_1_18' title="bbox 554 2948 1503 3044; baseline 0.007 -32"><span class='ocrx_word' id='word_1_111' title='bbox 554 2949 599 3013; x_wconf 88' lang='lat' dir='ltr'><strong>vit</strong></span> <span class='ocrx_word' id='word_1_112' title='bbox 620 2948 838 3044; x_wconf 80' lang='lat' dir='ltr'><strong>Delegatorum</strong></span> <span class='ocrx_word' id='word_1_113' title='bbox 860 2951 1047 3036; x_wconf 78' lang='lat' dir='ltr'><strong>auctoritas,</strong></span> <span class='ocrx_word' id='word_1_114' title='bbox 1073 2952 1221 3040; x_wconf 81' lang='lat' dir='ltr'><strong>judicum</strong></span> <span class='ocrx_word' id='word_1_115' title='bbox 1247 2956 1327 3042; x_wconf 83' lang='lat' dir='ltr'><strong>juris</strong></span> <span class='ocrx_word' id='word_1_116' title='bbox 1358 2951 1503 3022; x_wconf 78' lang='lat' dir='ltr'><strong>dicundi</strong></span> 
     </span>
     <span class='ocr_line' id='line_1_19' title="bbox 555 3061 1595 3163; baseline 0.011 -33"><span class='ocrx_word' id='word_1_117' title='bbox 555 3063 675 3134; x_wconf 83' lang='lat' dir='ltr'><strong>linibus</strong></span> <span class='ocrx_word' id='word_1_118' title='bbox 699 3070 861 3136; x_wconf 87' lang='lat' dir='ltr'><strong>terminata</strong></span> <span class='ocrx_word' id='word_1_119' title='bbox 890 3087 945 3137; x_wconf 90' lang='lat' dir='ltr'><strong>est.</strong></span> <span class='ocrx_word' id='word_1_120' title='bbox 989 3071 1051 3138; x_wconf 88' lang='lat' dir='ltr'><strong>Illis</strong></span> <span class='ocrx_word' id='word_1_121' title='bbox 1072 3097 1202 3163; x_wconf 83' lang='lat' dir='ltr'><strong>quoque</strong></span> <span class='ocrx_word' id='word_1_122' title='bbox 1221 3090 1330 3141; x_wconf 81' lang='lat' dir='ltr'><strong>auctor</strong></span> <span class='ocrx_word' id='word_1_123' title='bbox 1349 3073 1432 3158; x_wconf 82' lang='lat' dir='ltr'><strong>suit,</strong></span> <span class='ocrx_word' id='word_1_124' title='bbox 1455 3091 1494 3140; x_wconf 91' lang='lat' dir='ltr'><strong>ut</strong></span> <span class='ocrx_word' id='word_1_125' title='bbox 1593 3061 1595 3064; x_wconf 28' lang='lat'>⁵</span> 
     </span>
     <span class='ocr_line' id='line_1_20' title="bbox 556 3189 1562 3284; baseline 0.009 -32"><span class='ocrx_word' id='word_1_126' title='bbox 556 3190 589 3252; x_wconf 85' lang='lat' dir='ltr'><strong>iu</strong></span> <span class='ocrx_word' id='word_1_127' title='bbox 618 3197 710 3255; x_wconf 80' lang='lat' dir='ltr'><strong>suum</strong></span> <span class='ocrx_word' id='word_1_128' title='bbox 735 3189 897 3277; x_wconf 80' lang='lat' dir='ltr'><strong>collegium</strong></span> <span class='ocrx_word' id='word_1_129' title='bbox 914 3189 993 3259; x_wconf 91' lang='lat' dir='ltr'><strong>dnos</strong></span> <span class='ocrx_word' id='word_1_130' title='bbox 1017 3191 1205 3260; x_wconf 81' lang='lat' dir='ltr'><strong>Leovardise</strong></span> <span class='ocrx_word' id='word_1_131' title='bbox 1231 3191 1391 3276; x_wconf 87' lang='lat' dir='ltr'><strong>consules,</strong></span> <span class='ocrx_word' id='word_1_132' title='bbox 1414 3216 1493 3284; x_wconf 88' lang='lat' dir='ltr'><strong>quos</strong></span> <span class='ocrx_word' id='word_1_133' title='bbox 1525 3237 1529 3250; x_wconf 81' lang='lat'><em>·</em></span> <span class='ocrx_word' id='word_1_134' title='bbox 1559 3209 1562 3220; x_wconf 88' lang='grc'><strong>’</strong></span> 
     </span>
     <span class='ocr_line' id='line_1_21' title="bbox 557 3307 1495 3403; baseline 0.003 -31"><span class='ocrx_word' id='word_1_135' title='bbox 557 3309 706 3375; x_wconf 78' lang='lat' dir='ltr'><strong>maximos</strong></span> <span class='ocrx_word' id='word_1_136' title='bbox 727 3307 914 3377; x_wconf 69' lang='lat' dir='ltr'><strong>adversarios</strong></span> <span class='ocrx_word' id='word_1_137' title='bbox 936 3309 1118 3396; x_wconf 84' lang='lat' dir='ltr'><strong>habebant,</strong></span> <span class='ocrx_word' id='word_1_138' title='bbox 1141 3319 1334 3403; x_wconf 73' lang='lat' dir='ltr'><strong>cooptarent.</strong></span> <span class='ocrx_word' id='word_1_139' title='bbox 1379 3308 1495 3400; x_wconf 81' lang='lat' dir='ltr'><strong>Quoad</strong></span> 
     </span>
     <span class='ocr_line' id='line_1_22' title="bbox 559 3422 1494 3521; baseline 0.005 -31"><span class='ocrx_word' id='word_1_140' title='bbox 559 3429 625 3514; x_wconf 84' lang='lat' dir='ltr'><strong>ejus</strong></span> <span class='ocrx_word' id='word_1_141' title='bbox 649 3426 720 3492; x_wconf 89' lang='lat' dir='ltr'><strong>fieri</strong></span> <span class='ocrx_word' id='word_1_142' title='bbox 738 3429 858 3521; x_wconf 87' lang='lat' dir='ltr'><strong>potuit,</strong></span> <span class='ocrx_word' id='word_1_143' title='bbox 880 3430 915 3496; x_wconf 89' lang='lat' dir='ltr'><strong>in</strong></span> <span class='ocrx_word' id='word_1_144' title='bbox 948 3422 1152 3498; x_wconf 85' lang='lat' dir='ltr'><strong>conventibus</strong></span> <span class='ocrx_word' id='word_1_145' title='bbox 1187 3429 1340 3496; x_wconf 73' lang='lat' dir='ltr'><strong>mmultris</strong></span> <span class='ocrx_word' id='word_1_146' title='bbox 1358 3428 1494 3512; x_wconf 67' lang='lat' dir='ltr'><strong>aedavit,</strong></span> 
     </span>
     <span class='ocr_line' id='line_1_23' title="bbox 560 3547 1493 3641; baseline 0.003 -31"><span class='ocrx_word' id='word_1_147' title='bbox 560 3573 596 3614; x_wconf 88' lang='lat' dir='ltr'><strong>ac</strong></span> <span class='ocrx_word' id='word_1_148' title='bbox 617 3550 770 3637; x_wconf 70' lang='lat' dir='ltr'><strong>repressis</strong></span> <span class='ocrx_word' id='word_1_149' title='bbox 783 3549 994 3617; x_wconf 86' lang='lat' dir='ltr'><strong>malivolorum</strong></span> <span class='ocrx_word' id='word_1_150' title='bbox 1015 3549 1146 3635; x_wconf 82' lang='lat' dir='ltr'><strong>studiis,</strong></span> <span class='ocrx_word' id='word_1_151' title='bbox 1169 3551 1349 3632; x_wconf 78' lang='lat' dir='ltr'><strong>universos,</strong></span> <span class='ocrx_word' id='word_1_152' title='bbox 1372 3547 1413 3614; x_wconf 87' lang='lat' dir='ltr'><strong>ad</strong></span> <span class='ocrx_word' id='word_1_153' title='bbox 1431 3573 1493 3641; x_wconf 87' lang='lat' dir='ltr'><strong>pa-</strong></span> 
     </span>
     <span class='ocr_line' id='line_1_24' title="bbox 563 3667 1458 3762; baseline 0.008 -29"><span class='ocrx_word' id='word_1_154' title='bbox 563 3667 638 3734; x_wconf 81' lang='lat' dir='ltr'><strong>triae</strong></span> <span class='ocrx_word' id='word_1_155' title='bbox 656 3669 786 3736; x_wconf 74' lang='lat' dir='ltr'><strong>saliatem</strong></span> <span class='ocrx_word' id='word_1_156' title='bbox 809 3671 1013 3762; x_wconf 80' lang='lat' dir='ltr'><strong>respicerent,</strong></span> <span class='ocrx_word' id='word_1_157' title='bbox 1036 3669 1217 3737; x_wconf 81' lang='lat' dir='ltr'><strong>adhortatus</strong></span> <span class='ocrx_word' id='word_1_158' title='bbox 1239 3685 1286 3734; x_wconf 85' lang='lat' dir='ltr'><strong>est</strong></span> <span class='ocrx_word' id='word_1_159' title='bbox 1311 3671 1367 3740; x_wconf 60' lang='grc' dir='ltr'><strong>(ἱ).</strong></span> <span class='ocrx_word' id='word_1_160' title='bbox 1457 3741 1458 3748; x_wconf 15' lang='lat'>¹</span> 
     </span>
     <span class='ocr_line' id='line_1_25' title="bbox 607 3787 1496 3876; baseline -0.003 -22"><span class='ocrx_word' id='word_1_161' title='bbox 607 3789 774 3876; x_wconf 87' lang='lat' dir='ltr'><strong>Quantum</strong></span> <span class='ocrx_word' id='word_1_162' title='bbox 795 3791 916 3856; x_wconf 82' lang='lat' dir='ltr'><strong>efficere</strong></span> <span class='ocrx_word' id='word_1_163' title='bbox 945 3789 1101 3858; x_wconf 81' lang='lat' dir='ltr'><strong>studsserit</strong></span> <span class='ocrx_word' id='word_1_164' title='bbox 1130 3787 1331 3873; x_wconf 65' lang='lat' dir='ltr'><strong>Guilelmus,</strong></span> <span class='ocrx_word' id='word_1_165' title='bbox 1354 3803 1391 3852; x_wconf 90' lang='lat' dir='ltr'><strong>nt</strong></span> <span class='ocrx_word' id='word_1_166' title='bbox 1413 3787 1496 3854; x_wconf 88' lang='lat' dir='ltr'><strong>Hes·</strong></span> 
     </span>
     <span class='ocr_line' id='line_1_26' title="bbox 565 3903 1569 3998; baseline 0 -29"><span class='ocrx_word' id='word_1_167' title='bbox 565 3904 662 3970; x_wconf 85' lang='lat' dir='ltr'><strong>selum</strong></span> <span class='ocrx_word' id='word_1_168' title='bbox 692 3905 861 3998; x_wconf 74' lang='lat' dir='ltr'><strong>Aysmam,</strong></span> <span class='ocrx_word' id='word_1_169' title='bbox 906 3927 937 3976; x_wconf 90' lang='lat' dir='ltr'><strong>et</strong></span> <span class='ocrx_word' id='word_1_170' title='bbox 967 3910 1135 3979; x_wconf 88' lang='lat' dir='ltr'><strong>Sacrorum</strong></span> <span class='ocrx_word' id='word_1_171' title='bbox 1170 3909 1319 3976; x_wconf 86' lang='lat' dir='ltr'><strong>antistites</strong></span> <span class='ocrx_word' id='word_1_172' title='bbox 1360 3903 1501 3976; x_wconf 80' lang='lat' dir='ltr'><strong>avocaret</strong></span> <span class='ocrx_word' id='word_1_173' title='bbox 1566 3903 1569 3910; x_wconf 83' lang='lat'>&#39;</span> 
     </span>
    </p>
   </div>
   <div class='ocr_carea' id='block_1_6' title="bbox 564 4071 857 4094">
    <p class='ocr_par' dir='ltr' id='par_1_7' title="bbox 564 4071 857 4094">
     <span class='ocr_line' id='line_1_27' title="bbox 564 4071 857 4094; baseline 0.014 -6"><span class='ocrx_word' id='word_1_174' title='bbox 564 4071 857 4094; x_wconf 53' lang='lat' dir='ltr'><strong>lm</strong></span> 
     </span>
    </p>
   </div>
   <div class='ocr_carea' id='block_1_7' title="bbox 603 4137 837 4236">
    <p class='ocr_par' dir='ltr' id='par_1_8' title="bbox 603 4137 837 4236">
     <span class='ocr_line' id='line_1_28' title="bbox 603 4137 837 4236; baseline 0.017 -20"><span class='ocrx_word' id='word_1_175' title='bbox 603 4165 644 4234; x_wconf 80' lang='lat' dir='ltr'><strong>(t)</strong></span> <span class='ocrx_word' id='word_1_176' title='bbox 664 4137 764 4236; x_wconf 71' lang='lat' dir='ltr'><strong>sans,¹</strong></span> <span class='ocrx_word' id='word_1_177' title='bbox 781 4158 837 4220; x_wconf 74' lang='lat' dir='ltr'><strong>t&#39;r.</strong></span> 
     </span>
    </p>
   </div>
   <div class='ocr_carea' id='block_1_8' title="bbox 1048 4116 1060 4147">
    <p class='ocr_par' dir='ltr' id='par_1_9' title="bbox 1048 4116 1060 4147">
     <span class='ocr_line' id='line_1_29' title="bbox 1048 4116 1060 4147; baseline 0 0"><span class='ocrx_word' id='word_1_178' title='bbox 1048 4116 1060 4147; x_wconf 77' lang='grc'><strong>,1</strong></span> 
     </span>
    </p>
   </div>
   <div class='ocr_carea' id='block_1_9' title="bbox 0 0 1742 5664">
    <p class='ocr_par' dir='ltr' id='par_1_10' title="bbox 0 0 1742 5664">
     <span class='ocr_line' id='line_1_30' title="bbox 0 0 1742 5664; baseline 0 0"><span class='ocrx_word' id='word_1_179' title='bbox 0 0 1742 5664; x_wconf 95' lang='lat' dir='ltr'><strong> </strong></span> 
     </span>
    </p>
   </div>
  </div>
 </body>
</html>
