3408 5664
995 863 1051 927 158

592 1031 781 1103 Guilielmus
803 1033 859 1100 etsi
879 1037 992 1103 versari
1015 1034 1086 1101 foris
1107 1034 1242 1118 solebat,
1266 1049 1369 1101 nmen
1384 1061 1491 1127 qnan-

550 1151 594 1221 do
617 1157 779 1238 vacabat„
800 1153 943 1220 tradebat
964 1179 994 1220 se
1021 1171 1122 1223 totum
1153 1157 1388 1247 provinciarum
1418 1182 1520 1242 sua7,

550 1299 623 1341 rum
663 1275 754 1340 curis.
819 1276 859 1339 In
896 1276 1013 1365 quibus
1049 1273 1304 1341 administrandis
1342 1293 1495 1365 quantam

553 1417 680 1484 operam
712 1393 924 1478 collocaverit,
947 1395 1111 1483 exquirere
1141 1396 1413 1486 operaepretium
1439 1411 1494 1462 est.

477 1603 478 1608 η
550 1511 737 1594 Videamus,
763 1515 834 1604 quis
858 1529 936 1578 esset
965 1514 1076 1580 Frisiae
1097 1529 1210 1597 status,
1234 1537 1335 1604 qusnn
1363 1513 1404 1579 ad
1427 1517 1495 1602 ejus
1536 1515 1541 1524 ’

553 1631 827 1698 (inber-nationem>
849 1631 1024 1700 accedebat.
1076 1635 1187 1702 Visum
1216 1635 1253 1699 iis
1276 1634 1398 1718 luerat,
1437 1639 1505 1726 qui

552 1768 625 1817 ante
655 1749 745 1818 illum
775 1755 970 1844 provinciam
1007 1769 1174 1836 rexerant,
1198 1777 1299 1844 quum
1324 1751 1495 1822 satisfacere

553 1871 734 1963 amplissimi
770 1875 908 1952 muneris
939 1873 1046 1939 officiis
1082 1873 1285 1940 Gubernator
1315 1872 1394 1939 solus
1428 1897 1494 1939 non

560 2008 688 2080 posset,
712 1989 775 2058 duo
789 1992 912 2079 collegia
925 1994 1106 2075 instituere,
1128 1991 1260 2057 alterum
1277 2015 1316 2058 ex
1335 1989 1501 2070 Ordinurn¹
1560 2031 1563 2040 ·

557 2111 728 2198 Delegatis,
763 2137 802 2178 ex
829 2111 994 2178 Judicibus
1022 2112 1154 2177 alterum
1185 2113 1401 2204 compositum
1456 2114 1495 2180 In

555 2231 774 2316 Delegatoraun
795 2231 968 2319 Collegium
992 2233 1164 2300 novemviri
1194 2231 1400 2318 legebantur,
1430 2233 1498 2300 bini

554 2373 593 2414 ex
616 2351 744 2436 singulis
766 2355 953 2439 Ostergoae,
976 2355 1173 2438 Westergoae
1204 2368 1235 2417 et
1264 2351 1494 2445 Septemsylva-

555 2494 628 2534 rum
649 2471 846 2556 regionibus,
870 2487 931 2536 tres
958 2495 996 2536 ex
1015 2471 1223 2550 Civitatibus,
1247 2493 1326 2560 quae
1350 2467 1497 2536 undecim

556 2614 689 2656 numero
718 2607 816 2657 erant.
885 2593 924 2656 ln
955 2588 1103 2678 judicum
1135 2587 1298 2674 collegium
1331 2586 1497 2680 (Suprema

558 2711 643 2774 curia
667 2708 843 2798 dicebatur)
868 2709 973 2800 plures
996 2709 1248 2802 conplebantur,
1272 2709 1496 2798 quibusP1·atl-

556 2851 604 2893 ses
637 2839 788 2918 praeerat.
846 2830 902 2894 His
933 2830 1079 2894 omnibus
1112 2843 1144 2893 et
1172 2828 1386 2895 Gubernatori
1401 2832 1497 2894 -Pro·

557 2947 676 3012 vinciae
708 2945 844 3012 Ordines
876 2945 1025 3033 dignitate
1057 2964 1088 3012 et
1107 2949 1300 3023 auctoritate
1327 2947 1497 3026 antecelle7

557 3069 636 3133 bant
662 3069 715 3138 (1).
760 3066 918 3157 Quamdiu
948 3092 1002 3134 rex
1034 3067 1201 3160 Philippus
1235 3069 1361 3134 Batavas
1386 3067 1496 3153 ,Belgi-

557 3212 673 3278 casque
705 3190 843 3274 regiones
864 3186 1107 3266 moderabatur,
1130 3188 1193 3252 suis
1230 3185 1347 3272 singula
1377 3183 1502 3272 collegia

559 3309 669 3376 officiis
694 3305 780 3372 nulla
808 3309 1032 3375 obtrectatione
1066 3305 1292 3374 satisfecerant:
1317 3307 1375 3370 ubi
1404 3305 1498 3371 abro-

556 3445 664 3515 gatum
710 3430 786 3516 Regi
820 3430 1008 3520 imperium,
1056 3426 1215 3519 disputare
1246 3424 1286 3491 de
1318 3426 1500 3491 auctoritate

560 3573 708 3640 coepere,
726 3547 868 3615 adductis
888 3550 997 3614 veteris
1016 3549 1075 3612 sub
1096 3543 1300 3632 Burgundico
1318 3545 1502 3636 Principatn

564 3667 747 3762 disciplinae
783 3667 941 3761 exemplis.
986 3666 1123 3754 Delegati
1149 3662 1296 3756 quidem,
1319 3687 1357 3729 ex
1376 3665 1420 3730 rei
1432 3689 1498 3772 'na-
1573 3653 1576 3660 ’

515 3914 530 3941 ”
596 3913 636 3980 (ι)
659 3912 700 3961 De
718 3911 767 3962 hac
785 3910 920 3978 regiminis
932 3911 1036 3961 ratione
1048 3907 1123 3962 vidd.
1134 3906 1227 3974 Refl,
1242 3907 1259 3955 Ι.
1270 3905 1322 3958 tv.
1332 3923 1356 3970 p.
1370 3909 1400 3960 6ι
1435 3905 1502 3955 l’ea-

559 4001 613 4064 tel,
637 4005 786 4052 Oomment.
804 4003 836 4052 de
853 4004 924 4070 Rap.
942 4005 1008 4052 Bat.
1026 4018 1054 4066 p.
1075 3997 1134 4052 525.
1154 4015 1231 4068 seqq.
1254 3994 1346 4047 Facio
1365 3995 1497 4062 Sj0erds‚

560 4073 677 4160 Algam.¹¹
696 4089 811 4156 Basehr·
827 4107 883 4144 ven
901 4089 1023 4154 Friesb,
1050 4088 1087 4140 D.
1115 4087 1154 4140 ΙΙ.
1180 4086 1224 4141 st.
1247 4087 1278 4150 l,
1306 4086 1345 4138 ll·
1362 4085 1501 4152 (legeuit.

558 4187 648 4243 stant,
670 4179 699 4232 P.
719 4177 800 4236 xvi.
