3456 5676
722 903 784 969 203

283 1077 373 1163 gione
395 1075 554 1170 depravati
582 1099 703 1160 mores,
736 1077 881 1161 abrogata
902 1076 1043 1142 instituta
1067 1091 1099 1141 et
1122 1074 1222 1162 legeS,

222 1261 225 1268 .
281 1195 394 1263 abolita
415 1213 503 1263 vetus
524 1193 709 1288 disciplina,
731 1196 827 1264 animi
855 1195 1074 1286 superstitione
1098 1211 1130 1260 et
1158 1193 1221 1260 illi-

282 1315 379 1382 berali
406 1313 549 1381 doctrina
578 1315 704 1381 imbuti.
748 1315 804 1382 His
829 1313 914 1380 malis
936 1329 972 1380 ut
993 1313 1130 1380 salutaris
1152 1336 1222 1380 me·
1255 1295 1260 1306 ¹

283 1433 386 1503 dicina
418 1432 645 1517 adhiberetur,
679 1459 715 1501 ac
748 1449 849 1498 sanata
882 1434 987 1500 civitas
1020 1457 1093 1500 curn
1118 1435 1227 1500 ceteris

283 1551 473 1624 contendere
492 1553 668 1621 civitatibus
690 1570 815 1643 posset,
839 1551 1012 1646 prudentid
1034 1569 1099 1617 erat
1121 1577 1223 1644 opus3

284 1696 365 1763 quae
385 1672 547 1760 singularis
571 1674 605 1738 in
630 1671 799 1739 Guilielrno
822 1673 978 1763 apparunt.
1032 1673 1137 1753 Nam,
1170 1674 1225 1736 in-

282 1793 422 1858 stauratis
442 1790 555 1858 scholis
566 1807 598 1858 et
607 1790 770 1858 emendata
790 1791 917 1882 publica
929 1789 1111 1884 disciplina,
1125 1793 1223 1858 Men-

282 1933 391 1978 sonem
414 1910 611 1997 Altingium,
649 1935 806 1978 sacrorum
830 1911 1000 1976 antistitem
1024 1908 1205 1978 Emdanum
1213 1945 1230 1992 ,1

282 2030 397 2096 summi
428 2027 541 2117 judicii
563 2053 766 2118 summaeque
790 2027 951 2096 doctrinae
972 2053 1008 2094 ac
1028 2053 1136 2094 rerum
1168 2053 1225 2095 ec-

284 2149 520 2218 clesiasticarum
543 2151 669 2242 peritiae
694 2147 870 2231 rir·um‚ad
893 2145 1145 2215 constituendam
1156 2150 1223 2215 Ec-

284 2271 405 2338 clesiam
428 2271 665 2356 Groninganam
686 2269 796 2336 litteris
818 2269 965 2336 evocavit.
986 2268 1027 2333 (¹)
1053 2269 1138 2334 Huic
1160 2265 1225 2334 dno

284 2390 471 2458 Professores
499 2389 753 2479 Franequetnni,
786 2386 960 2456 Sibrandus
993 2387 1174 2453 Lubbertus
1198 2403 1229 2452 ct

282 2513 439 2579 Martinus
459 2508 578 2602 Lydius
600 2507 700 2576 additi
721 2523 814 2591 sunt,
840 2523 877 2574 ut
898 2508 988 2573 citius
1008 2530 1089 2598 opus
1109 2531 1224 2599 proce-

283 2628 381 2696 deret
424 2629 583 2716 Altingius
615 2631 726 2698 Latine
758 2625 1012 2696 constitutionem
1038 2626 1224 2694 ecelesiasti-

284 2771 353 2816 carn
373 2746 595 2833 adumbravit,
628 2773 708 2838 quae
730 2746 857 2816 visenda
877 2747 1005 2838 reliquis
1026 2745 1136 2814 tradita
1157 2747 1225 2812 lin-

282 2868 344 2954 gut
378 2892 452 2934 mox
485 2867 652 2934 vernacule
686 2865 809 2934 reddita
844 2885 899 2934 est.
954 2868 1074 2936 Placuit
1107 2869 1226 2956 singula

283 2984 433 3080 deinceps
461 2988 563 3076 capita
591 3004 733 3054 accurate
754 2986 938 3081 explorare,
970 3006 1002 3055 et
1032 2989 1226 3056 conformate

283 3105 323 3172 nd
347 3106 482 3176 diversas
504 3108 783 3194 Groninganorum
804 3123 836 3172 et
864 3107 1053 3174 Accolnrum
1073 3109 1227 3193 rationes,

284 3228 328 3292 ita
352 3225 483 3316 quidem
506 3243 542 3292 ut
564 3250 603 3292 ex
627 3224 736 3293 eadem
767 3228 988 3293 constitutione
1024 3225 1103 3294 duae
1127 3231 1225 3294 exsti-

284 3347 396 3428 terint,
431 3345 471 3414 (²)
512 3345 604 3411 altera
636 3347 861 3432 Groningana,
895 3345 1079 3413 confirmata
1108 3346 1159 3414 dic
1185 3351 1226 3417 16

285 3467 494 3558 sepultet,
516 3464 704 3533 accolarum
725 3464 838 3550 altera,
861 3463 913 3532 die
933 3463 1063 3534 demum
1086 3467 1127 3536 27
1148 3469 1224 3535 Feb.

288 3587 370 3654 1595
395 3583 578 3652 confirmata
602 3600 633 3651 et
657 3583 749 3651 edita.
803 3587 935 3652 Interim
964 3603 1122 3653 curaverat
1152 3611 1227 3657 curn

283 3706 458 3793 Delegatis,
489 3721 526 3772 ut
556 3722 691 3799 quatuor
709 3729 868 3774 sacrorum
886 3705 1021 3772 ministri
1042 3722 1228 3774 vocarentur

321 3951 363 4017 (ι)
384 3949 438 4000 llas
455 3948 559 4001 litteras
576 3947 764 4002 exhibebimus
780 3951 809 4002 in
827 3951 915 4002 libelli
932 3951 1015 4005 calce.
1046 3952 1226 4006 investiantur

286 4039 314 4090 in
332 4035 412 4090 illise-
431 4037 519 4090 Gron.
533 4037 680 4104 Gerdesii,
700 4039 735 4094 Τ.
749 4039 832 4094 Vlll.
851 4059 877 4107 p.
890 4042 940 4110 672
957 4058 1035 4109 seqq.

325 4130 369 4200 (ᾖ
389 4129 458 4203 yide
469 4146 512 4181 ens
523 4129 594 4198 apud
609 4131 792 4198 brunherum,
816 4133 913 4186 Geselr.
926 4131 1084 4186 derKerklr.
1098 4133 1127 4182 in
1142 4135 1228 4187 Gron·

289 4239 316 4286 p·
329 4205 379 4272 dbb
398 4219 431 4270 ad
452 4220 544 4271 linem.
