3454 5658
339 1430 484 1494 PHIL.
531 1429 685 1494 GUIL.
733 1427 982 1494 HEUSDII

543 1707 593 1752 ΑΙ)
637 1708 794 1754 FILIUM

218 1945 415 2013 JANUM
456 1949 788 2016 ADOLPHUM
825 1945 1118 2012 CAROLUM

518 2236 823 2284 neisroin.

471 2481 887 2523 -ιεεῑῦθω--ὶ

249 2695 431 2796 Honorem
463 2729 520 2792 tibi
550 2727 709 2814 gratulor,
750 2725 949 2810 dilectissime
980 2725 1047 2808 fili,
1084 2750 1149 2814 quo

205 2869 309 2937 nuper
333 2863 363 2911 te
387 2845 546 2918 literarum
569 2850 603 2912 iu
636 2845 806 2914 Academia
818 2909 822 2915 .
833 2845 995 2935 Lugduno
1006 2886 1024 2898 -
1037 2848 1145 2912 batava

206 2962 298 3030 Ordo
325 2967 455 3030 ornarit.
501 2969 554 3031 Tu
576 2967 645 3050 fac,
670 2984 705 3032 ut
729 2967 845 3051 literis,
883 2965 971 3059 quod
996 2968 1147 3059 coepisti,

203 3085 325 3150 naviter
353 3083 512 3169 colendis,
541 3085 674 3172 dignum
695 3104 726 3152 te
748 3111 785 3153 eo
810 3079 968 3180 praestes,
992 3103 1024 3152 et
1045 3090 1148 3174 majo-

206 3227 273 3270 rem
300 3207 393 3270 etiam
422 3209 612 3295 consequare
645 3205 823 3296 aliquando.
869 3205 952 3272 Illud
983 3223 1086 3271 autem
1116 3209 1149 3270 in

155 3383 157 3388 Α
208 3326 317 3416 primis
342 3324 420 3390 mihi
443 3342 565 3410 gratum
590 3342 818 3416 acceptumque
839 3323 978 3409 accidit,
1001 3327 1148 3392 scriben-

207 3443 251 3510 do
285 3462 314 3510 te
337 3469 562 3538 ,progressuum
607 3461 734 3512 tuorum
771 3446 964 3538 specimine,
1014 3471 1150 3512 amorem

208 3565 286 3630 mihi
307 3567 423 3656 patriae
451 3567 620 3656 probasse:
659 3565 716 3654 qui
755 3562 846 3630 decet
877 3587 949 3629 sane
977 3567 1151 3651 generosis·

207 3688 322 3752 simum
351 3709 510 3776 quemque
532 3687 682 3771 juvenem
705 3685 861 3767 maxime,
895 3685 952 3750 tihi
975 3708 1071 3768 vero,
1095 3685 1152 3774 qui

209 3832 225 3868 a
249 3805 360 3870 teneris
381 3807 551 3888 Veterum,
576 3827 655 3894 qaros
684 3827 892 3887 veneramur,
915 3805 1055 3869 sensibus
1085 3806 1149 3868 iru-

211 3928 306 3990 busus
329 3949 382 4006 es,
406 3922 509 3989 da'esse
530 3925 658 3988 minime
687 3923 834 3989 debebat.
879 3922 983 4009 Agere
1004 3925 1090 3988 enim
1113 3923 1157 3990 iili

211 4071 247 4109 ae
268 4045 368 4108 vivere
394 4069 452 4133 pro
473 4044 571 4133 patria
594 4043 732 4108 solebant
744 4073 755 4129 3
782 4044 826 4109 sie
847 4059 952 4108 autem
976 4041 1016 4110 de
1038 4045 1156 4135 patriae

208 4186 314 4228 amore
345 4164 579 4246 existimabant,
603 4179 639 4228 ut
664 4187 771 4230 omnes
806 4165 946 4234 caritates
972 4188 1069 4228 unam
1095 4189 1157 4254 pa-
