3408 5664
633 1065 674 1154 ⁸⁵

180 1234 316 1319 litlmus,
351 1240 454 1329 perosi
481 1260 498 1302 a
522 1235 711 1324 Vesdugone
732 1235 962 1330 expeditionem
990 1234 1030 1300 ad
1049 1236 1117 1302 Co-

163 1352 328 1424 ·vordium
354 1353 516 1422 obsidione
541 1353 753 1443 cingendum,
785 1355 943 1444 egregium
970 1355 1121 1442 excogitat

180 1487 370 1560 strategems.
424 1475 569 1566 Namque
593 1491 629 1539 ut
649 1473 805 1568 oppidum
828 1473 928 1542 victits
952 1476 1043 1567 inops
1064 1496 1118 1550 re,-

180 1607 341 1660 erentums
375 1592 483 1660 lateret
516 1593 658 1677 hostem,
689 1611 896 1662 commentum
918 1594 1121 1661 Stenovieom

179 1708 297 1778 deferri
319 1713 359 1778 ab
383 1715 543 1805 equitibus
561 1715 673 1802 jussit,
705 1712 849 1806 dumque
869 1715 937 1808 ipse
961 1737 1034 1782 oum
1056 1737 1118 1808 pe-

177 1827 336 1898 destribus
368 1834 463 1926 copiis
493 1835 625 1926 propius
647 1831 687 1900 ed
712 1833 936 1921 Vordugonem
954 1837 1118 1916 movebat,

176 1948 380 2018 Gnvordianis
401 1953 568 2048 necessaria
590 1951 761 2022 Stenovioo
777 1951 830 2020 die
852 1951 1046 2042 9Quintilis
1063 1951 1116 2018 os-

176 2068 367 2139 serebantur.
413 2073 516 2160 Hujus
536 2072 581 2137 rei
599 2072 757 2138 nuncium
778 2071 977 2158 Groningsni
994 2069 1119 2136 moleste

176 2189 338 2274 tulerunt,
374 2205 406 2255 et
441 2192 557 2258 invecti
592 2205 666 2255 sunt
701 2191 735 2255 in
769 2187 1014 2276 Vendngonem‚
1052 2191 1119 2276 ejus

174 2308 285 2401 etdpae
312 2309 467 2396 neglectae
490 2311 657 2378 occasionis
678 2307 832 2376 damnum
848 2309 1047 2400 imputantes
1072 2311 1114 2378 (Ι)

219 2424 276 2496 Ad
305 2427 555 2521 recuperandam
588 2445 693 2496 autem
716 2430 913 2515 Groningant
933 2453 1115 2523 pemppon-

174 2561 291 2614 tonum
302 2547 468 2616 Guiiielmo
487 2571 631 2646 pinesens
655 2565 778 2640 tempus
803 2546 976 2616 videbatur.
1008 2549 1116 2638 quue

175 2683 212 2734 ut
244 2664 414 2734 adduceret
441 2668 475 2732 in
499 2666 632 2735 eandem
651 2669 837 2736 sententiam
860 2665 1018 2751 Ordines,
1039 2692 1113 2736 mo-

174 2787 248 2851 nuit
275 2808 349 2870 eos,
381 2785 467 2852 nullo
494 2787 627 2880 emplius
649 2785 752 2854 modo·
767 2789 944 2875 conjunctis
968 2785 1111 2854 foedera-

175 2919 282 2972 torum·
312 2906 429 2972 visibus
458 2907 611 2973 civitatem
639 2931 749 2999 parem
774 2907 923 2974 futuram.
967 2906 1067 2998 Quod
1091 2911 1116 2973 si

174 3024 357 3092 etiamnunc·
376 3023 513 3092 dubium·
532 3024 723 3118 quibusdam
745 3024 924 3105 videretur,
958 3043 1112 3118 reputan-

174 3143 257 3209 tibus
289 3167 417 3226 seeum,
451 3147 486 3210 in
518 3147 705 3212 suburbanis
739 3147 967 3212 munitionibus
1001 3150 1115 3211 veisari

174 3287 246 3330 eum
277 3265 383 3330 ttibus
405 3263 540 3330 militum
563 3265 700 3330 millibus
718 3263 961 3350 Vendugonemg
993 3265 1111 3329 vesosi-

174 3379 286 3448 militet·
298 3399 465 3451 externum
482 3382 623 3465 bostem,
644 3399 775 3475 accepto
795 3379 1002 3475 expeditionis
1023 3407 1112 3447 nun-

174 3501 241 3581 cio,
274 3525 349 3570 cum
369 3500 462 3568 dnm
482 3525 579 3570 manu
601 3501 795 3568 Tubantiam
815 3503 1015 3588 invasurums
1041 3503 1107 3569 cir-

171 3615 414 3684 conveniendae
447 3620 519 3684 urbi
549 3617 838 3712 expugnondneque
869 3644 928 3686 nee
952 3619 1110 3712 reliquum

170 3735 244 3801 enni
277 3752 422 3830 tempus,
453 3762 558 3830 neque
590 3737 754 3808 Osdinum
778 3739 880 3828 copias
903 3763 992 3830 posse
1017 3739 1109 3804 suffi-
1167 3765 1170 3772 ¹

170 3878 258 3924 oere:
282 3854 694 3926 hossimtdonimodvertete
709 3857 821 3946 fissit,
838 3855 1111 3944 Vendugianosutn

169 3975 287 4078 subur,
302 3978 360 4042 etsi
375 3976 545 4045 maximum
561 3994 661 4064 esset,
684 3995 787 4044 tamen
808 3995 973 4071 propterea
992 3975 1112 4053 saeiiius

205 4262 246 4332 (t)
267 4261 408 4326 Etnmiun
433 4281 461 4331 p.
480 4264 522 4334 94.
559 4261 656 4331 Remi,
677 4261 846 4333 1.t.p.207.
886 4261 943 4313 Van
964 4261 1106 4326 Mettius,

171 4350 219 4401 ii.
239 4353 394 4423 tufitseqq
444 4351 514 4415 Bor,
535 4351 553 4403 Ι.
567 4352 584 4401 Ι.
605 4369 621 4417 p
644 4351 686 4404 55.
