3408 5664
670 867 728 934 tn
784 838 795 852 ⁴

223 1071 247 1114 »
266 1045 333 1112 sere
354 1069 445 1136 pars,
480 1024 567 1110 omiti
586 1039 695 1108 fraude
720 1041 862 1122 sublati,
900 1042 992 1109 educi
1013 1045 1047 1109 in
1068 1045 1165 1111 aciem

223 1165 339 1232 »belli
372 1191 446 1232 cam
479 1163 563 1228 mille
594 1163 775 1254 quingentis
809 1163 897 1252 equis
928 1179 1040 1254 potest.
1098 1165 1164 1230 Nec

222 1311 242 1350 »
261 1284 423 1368 dubium,
445 1286 470 1348 si
491 1299 576 1350 recte
594 1279 736 1348 ordinata
755 1283 800 1348 vis
822 1281 871 1347 illa
895 1281 1052 1367 militum,
1076 1285 1164 1376 opti-

224 1429 244 1468 »
266 1406 324 1468 mis
341 1404 504 1468 itineribus
525 1425 703 1494 progressa,
726 1400 897 1466 fluminum
918 1403 1052 1488 egregias
1072 1427 1162 1468 com-

223 1547 244 1588 >a
265 1522 427 1589 moditatcs
448 1526 609 1613 usurpet?
645 1537 808 1611 certasque
840 1539 1070 1589 commeatuum
1102 1521 1163 1587 ad-

224 1668 246 1708 »
267 1645 422 1709 vectiones
443 1644 503 1708 sibi
532 1657 641 1726 curet,
675 1642 756 1730 quin
780 1640 868 1707 facile
893 1643 1028 1707 civitates
1051 1641 1164 1708 llumi-

223 1786 244 1825 >›
265 1763 358 1827 nibus
379 1760 575 1849 adjacentes,
598 1762 800 1856 [laventu‘am
820 1779 852 1826 et
872 1761 1086 1853 Zutphaniam
1097 1763 1164 1826 lsa-

224 1905 245 1945 »
265 1880 334 1964 lae,
363 1882 587 1966 Noviomagum
608 1879 744 1964 Vahali,
768 1881 935 1965 Graviam,
959 1881 1110 1949 Venloam
1135 1898 1167 1946 et

223 2025 244 2066 a>
263 1999 497 2070 Rutaiundan
513 2002 634 2083 Mosae,
658 1999 855 2085 Groningam
872 2023 1001 2088 quoquc
1018 1997 1163 2083 tandem,

224 2145 246 2184 >›
267 2123 404 2186 excitatis
424 2119 551 2186 castellis
560 2117 769 2208 adductisque
780 2118 951 2200 cuniculis,
968 2120 1070 2184 omnia
1081 2142 1163 2208 pru·

222 2266 244 2306 »
266 2240 409 2322 dentiae,
432 2237 666 2306 nihilsortuaac
686 2239 933 2321 committentes,
957 2236 1105 2304 foederati
1124 2237 1164 2303 ad

224 2385 245 2425 >›
266 2359 377 2425 incitas
388 2358 530 2445 redigant
551 2332 583 2424 et
602 2374 795 2451 expugnent.
812 2359 988 2450 ¹Haesitabit
1006 2361 1163 2424 Parmen-

225 2504 247 2544 »
268 2481 329 2562 sis,
353 2480 472 2545 nescius
494 2476 580 2543 unde
610 2478 823 2544 laborantibus
846 2478 1020 2544 civitatibus
1053 2478 1163 2570 opitu-

226 2623 247 2662 »
267 2598 371 2682 letur,
404 2614 435 2662 ct
466 2595 591 2663 obsidiis
623 2621 671 2662 eas
701 2596 822 2663 liberet.
867 2599 1039 2690 Occupatis
1061 2614 1165 2664 autem

225 2743 247 2784 »
268 2717 325 2782 illis
337 2769 345 2800 ,
359 2715 580 2787 mediterranea
590 2715 725 2810 oppida,
750 2734 924 2784 commeatu
942 2734 973 2782 et
991 2691 1165 2784 necessariis

223 2861 246 2901 >a
267 2838 406 2929 privata,
429 2837 598 2902 victoribus
621 2851 732 2929 sponte
758 2836 881 2903 cedent.
927 2839 1052 2904 Praeter
1075 2841 1163 2906 Gro-

225 2981 246 3020 u
268 2957 397 3042 ningam
419 2955 502 3021 nulla
523 2981 561 3022 ex
582 2959 759 3024 memoratis
788 2959 963 3024 civitatibus
985 2977 1050 3043 est,
1085 2985 1165 3050 quae

225 3099 247 3139 a>
268 3076 309 3140 ita
332 3075 472 3140 abundet
497 3093 686 3156 commeatu,
709 3093 746 3141 ut
764 3079 821 3142 rite
847 3079 1060 3145 circumventa
1082 3104 1161 3171 ope-

229 3221 248 3260 n
269 3196 377 3272 ribus,
400 3197 579 3260 bimestrem
599 3194 794 3262 obsidionem
809 3199 965 3263 sustineat.
1011 3201 1068 3264 llis
1090 3216 1162 3264 tsn-

226 3337 248 3377 >t
271 3314 308 3378 tis
327 3313 542 3380 emolumentis
564 3331 599 3379 ut
623 3317 800 3405 potiamur,
824 3320 1032 3410 praeciputm't
1049 3336 1114 3404 est,
1128 3338 1164 3386 ut

226 3431 483 3520 »largitionibus
499 3434 610 3500 milites
628 3434 668 3500 ad
690 3433 764 3501 belli
786 3435 904 3503 labores
914 3434 1111 3525 incitentur,
1133 3459 1165 3508 et

225 3579 247 3618 »
268 3553 345 3620 hacc
369 3555 404 3618 iis
435 3555 541 3644 opinio
562 3578 690 3644 prorsus
720 3555 896 3641 auimatum,
920 3557 1106 3627 indecorum
1133 3579 1165 3628 et

225 3697 248 3738 >›
269 3671 377 3738 servile
397 3671 539 3738 fodiendi
564 3673 759 3765 vallandiquc
783 3699 862 3768 opus
890 3701 973 3762 esse3
1000 3705 1061 3769 qua
1083 3683 1162 3747 sub-

226 3817 250 3857 »
270 3789 349 3875 lata,
375 3791 540 3876 ridebitis,
571 3785 666 3884 quam
691 3819 840 3887 prospere
864 3795 981 3862 bellurn
1004 3796 1166 3866 foederatis

227 3933 250 3974 »
271 3910 311 3973 sit
336 3933 501 3975 cessurum.
547 3910 712 3997 Pugnandi
735 3907 837 3978 nu'llus
859 3916 949 3980 nobis
967 3931 1068 3981 metus
1086 3919 1162 4000 erit,

226 4053 249 4094 »
270 4026 364 4095 modo
384 4027 523 4094 locorum
551 4030 783 4121 fluminumque
813 4033 973 4100 commoda
1000 4034 1165 4122 diligenter

229 4173 252 4212 r>
273 4150 379 4238 copiae
400 4147 596 4233 custodiant,
632 4175 690 4218 nec
713 4145 861 4244 penuriae
887 4171 1074 4221 commeatus
1101 4181 1163 4248 pe⁴
1249 4153 1256 4166 '

967 4274 1033 4342 10*
