3456 5676
981 851 1045 916 200

585 1025 656 1096 Tali
681 1041 807 1116 tamque
833 1024 952 1110 egregie
976 1020 1104 1089 cordato
1126 1024 1208 1106 viro,
1233 1026 1289 1113 qui
1311 1024 1487 1090 annuenti

545 1169 615 1212 suae
635 1143 808 1226 duntaxat,
832 1137 886 1210 sed
908 1143 1125 1235 proximorum
1142 1141 1219 1208 adeo
1239 1141 1415 1210 seculorum
1435 1167 1488 1208 sn·

545 1263 603 1333 luti
625 1262 823 1357 provideret,
855 1260 935 1353 quid
961 1263 1097 1346 mirum,
1128 1263 1315 1330 Mamitium
1338 1262 1373 1327 in
1397 1263 1491 1330 rebus

547 1385 671 1451 marinii
691 1383 844 1452 momenti
865 1406 988 1472 semper
1009 1399 1162 1474 tunquam
1178 1383 1310 1474 sapienti
1328 1379 1488 1450 consulto-

548 1531 582 1576 rc
608 1503 740 1596 fidoque
759 1503 882 1572 Achate
905 1527 968 1571 esse
989 1505 1105 1569 usum?
1129 1498 1209 1592 quid
1233 1501 1366 1583 mirum,
1390 1524 1492 1589 quum

548 1627 738 1694 factionibus
777 1625 979 1714 motibusque
1017 1620 1162 1691 noudum
1192 1617 1327 1703 sedatis,
1371 1618 1490 1704 negotia

549 1745 685 1842 plurima
709 1745 906 1834 maximeque
928 1741 1047 1810 diversa
1070 1743 1171 1808 bonos
1190 1763 1297 1814 omnes
1319 1754 1435 1805 terrore
1456 1761 1493 1804 ac

550 1862 756 1932 sollicitudine
776 1862 956 1955 replerent,
977 1860 1116 1928 eundem
1140 1884 1199 1954 per
1222 1861 1356 1946 integros
1380 1855 1493 1924 decem

552 2007 670 2050 menses
685 2007 792 2050 secum
807 1982 970 2066 habuisse,
993 2005 1098 2072 neque
1118 2008 1135 2047 a
1153 1980 1247 2048 latere
1264 2003 1321 2045 suo
1335 1975 1495 2046 discedere

551 2103 680 2170 sivisse?

601 2223 650 2288 Ac
671 2221 815 2314 profecto
839 2222 949 2288 habuit
971 2219 1172 2303 Guilielrnus,
1206 2216 1295 2312 quod
1314 2216 1495 2299 laetaretur,

555 2340 741 2410 fortitudine
778 2357 810 2407 et
841 2339 1012 2434 prudentia
1049 2365 1102 2406 sua
1136 2340 1264 2408 crevisse
1297 2337 1496 2432 Reipublicae
1586 2375 1596 2390 ·

557 2487 652 2552 opes,
674 2460 828 2528 industria
858 2487 894 2528 ae
925 2460 1079 2548 vigilantia
1109 2461 1290 2553 praecipuas
1320 2458 1432 2526 llorere
1462 2459 1498 2526 in

470 2633 472 2638 ,
558 2583 726 2674 provinciis
748 2582 808 2647 suis
832 2582 945 2664 urbes,
969 2581 1069 2646 nitere
1090 2581 1249 2646 moenium
1271 2577 1496 2672 amplitudine,

558 2701 735 2767 celebritate
760 2701 893 2784 civium,
930 2699 1144 2767 aedificiorum
1173 2698 1340 2794 splendore
1370 2717 1401 2764 et
1432 2724 1497 2765 nu-

559 2843 662 2901 mero,
685 2819 929 2905 negotiationum
953 2817 1217 2912 opificiorumquc
1238 2820 1398 2904 varietate,
1421 2813 1496 2887 uni-

559 2960 708 3026 verseque
740 2937 899 3023 regionem
934 2961 1077 3021 omnem,
1118 2963 1224 3026 agros,
1266 2939 1350 3006 villas
1385 2941 1500 3006 civium

560 3054 674 3120 laetum
706 3056 855 3149 praebere
886 3053 1070 3150 adspectum
1104 3074 1135 3124 et
1167 3059 1372 3152 prosperitate
1406 3084 1498 3126 com-

560 3172 712 3244 mendari.
777 3175 882 3242 Multo
913 3192 1017 3242 tamen
1046 3157 1197 3264 majorem
1221 3180 1302 3246 ritae
1323 3177 1501 3257 felicitatem

561 3295 718 3383 animique
739 3293 930 3386 voluptatem
952 3298 1110 3389 percepit,
1146 3295 1234 3390 quod
1254 3299 1354 3390 ipsam
1376 3315 1500 3386 gentem

563 3416 643 3482 curis
670 3416 731 3480 suis
752 3432 783 3480 et
807 3413 981 3492 assiduitate
1002 3418 1172 3484 beatiorem
1199 3416 1403 3486 reddidisset:
1449 3418 1500 3488 cui

564 3555 623 3625 per
653 3556 746 3599 omne
775 3534 1008 3619 gubernationis
1038 3552 1160 3626 tempus
1191 3537 1233 3600 ita
1265 3553 1442 3620 vacaverat,
1465 3553 1501 3602 nt

566 3703 831 3727 ¹*⁸¹-··¹¹--——n,

562 3778 611 3848 log
628 3788 709 3848 legen
727 3785 892 3838 matt-ander
908 3787 1057 3860 allegeren.
1069 3815 1099 3828 -
1118 3787 1161 3840 Cl.
1182 3787 1275 3858 Rayd,
1297 3789 1316 3839 l.
1329 3789 1411 3860 XLp
1430 3810 1499 3862 229.

561 3865 626 3936 239.
661 3868 783 3922 Similem
796 3873 857 3923 tulit
870 3875 1203 3936 Guilielrnussentcotiam
1224 3894 1294 3932 anno
1313 3881 1396 3944 1618,
1418 3899 1501 3950 quum

561 3971 730 4026 propugnans
743 3959 886 4014 Societatis
900 3965 991 4016 ludina
1004 3966 1154 4018 Orierrlalis
1172 3986 1295 4028 cansam,
1320 3977 1415 4024 auctor
1432 3982 1502 4022 esset

563 4041 676 4106 Frisiis,
710 4057 738 4096 ut
759 4049 829 4102 botae
853 4057 990 4106 eornrrrttrrr¹
1003 4057 1120 4124 privata
1136 4061 1277 4110 coartanda
1298 4072 1501 4114 cortsrcrarertt·

562 4133 626 4196 liena
639 4134 699 4190 vide
712 4154 722 4186 u
725 4138 780 4209 pud
790 4139 965 4195 Carlototrtun
975 4145 984 4212 l
993 4147 1079 4196 [altr.
1089 4155 1114 4197 et
1126 4137 1240 4216 Nagos.)
1254 4147 1288 4205 Τ,
1300 4147 1363 4214 ll.1t
1384 4149 1431 4204 321
1441 4167 1503 4220 sqq,

845 4302 865 4338 a
914 4315 917 4322 ⁴
