3408 5664
661 891 703 954 99

207 1052 335 1152 Quibus
356 1063 389 1126 iu
412 1060 505 1126 rahus
538 1057 763 1128 Gubernatoris
795 1056 952 1148 diligentia
983 1061 1052 1128 satis
1075 1060 1143 1126 lau-

204 1179 278 1246 dari
300 1206 366 1248 non
388 1195 498 1271 potest.
522 1177 563 1248 (¹)
629 1161 631 1166 Ι

205 1355 207 1362 .
247 1303 365 1390 Quum
388 1295 545 1390 reliquum
568 1299 643 1386 anni
667 1315 789 1390 tempus
810 1298 899 1366 variis
928 1297 1057 1384 negotiis
1080 1321 1140 1364 cu·

204 1419 314 1488 randis
335 1417 652 1508 administrandisque
673 1433 818 1484 exactum
835 1432 930 1499 asset,
953 1416 1043 1484 initio
1065 1440 1144 1505 pro-

208 1541 285 1606 ximi
297 1537 412 1629 (1595)
422 1521 585 1606 Ordinem
601 1536 733 1606 Senatus
750 1535 933 1624 legationem
950 1533 1145 1622 Groningam

205 1657 316 1740 inuit,
335 1681 433 1750 penes
455 1681 553 1749 quam
575 1656 748 1726 communis
772 1679 845 1746 cum
869 1655 1088 1724 Gubernatore
1111 1655 1148 1718 in

204 1775 434 1870 componendis
463 1771 582 1847 civium
598 1851 600 1860 ,
614 1793 647 1842 et
676 1772 850 1844 naeniarum
880 1769 1034 1855 dissidiis,
1067 1793 1147 1864 quae

207 1899 405 1980 acerbissima
426 1912 516 1964 antea
537 1893 682 1977 fidant,
701 1907 834 1986 potestas
855 1907 943 1958 esset.
978 1893 1148 1982 Postquam

203 2015 267 2084 diu
287 2017 490 2108 multumque
510 2010 721 2105 disceptatum
740 2013 825 2078 inter
845 2033 895 2077 eos
913 2024 998 2092 erat,
1022 2005 1148 2074 tandem

203 2135 261 2214 die
283 2137 304 2206 7
326 2137 487 2207 Februarii
509 2133 695 2220 constituere
715 2129 856 2223 placuit,
877 2142 913 2192 ut
932 2123 1038 2194 civitas
1059 2126 1148 2193 Gro-

201 2249 347 2342 uiiugaua
381 2278 455 2322 cum
488 2247 599 2320 accolis
632 2275 694 2317 una
729 2249 763 2316 in
796 2257 957 2340 posterum
990 2243 1149 2336 provincia

202 2375 390 2446 ,bimembris
408 2389 506 2457 esset,
523 2373 579 2438 uni
594 2367 759 2460 eidemque
771 2365 1000 2436 Gubernationi
1011 2359 1147 2430 subdiu.

205 2491 430 2564 institueretur
440 2492 649 2562 ocwvirorum
665 2487 847 2575 collegium,
862 2507 999 2578 quorum
1008 2505 1069 2573 par
1081 2505 1147 2548 nu·

203 2629 313 2684 ¹ruerus
334 2639 351 2681 e
369 2615 494 2682 civitate
513 2626 548 2676 ct
570 2608 677 2676 accolis
702 2607 887 2696 eligeretur:
914 2603 964 2670 his
987 2601 1093 2676 aerarii
1116 2616 1149 2666 et

205 2751 316 2812 ‚rerum
334 2731 514 2800 bellicarum
533 2727 758 2796 administratio
776 2749 850 2794 cum
867 2721 1077 2792 Ecclesiarum
1092 2743 1146 2786 rc-

202 2853 399 2946 dituumque
417 2849 702 2920 Ecclesiasticorum
721 2869 795 2914 cura
814 2841 987 2911 communis
1006 2839 1144 2933 permit-

202 2991 336 3044 teretur.
360 2975 550 3040 Communes
563 2991 691 3060 quoque
704 2977 874 3034 conventus
881 3011 892 3048 ,
905 2984 983 3051 quos
993 2956 1150 3054 indiceret

160 3101 162 3108 ’
201 3096 418 3164 Ἰωοῑονὶιῑπιιιιι
434 3089 619 3176 collegium,
638 3063 848 3153 haberenturt
866 3078 967 3147 aditus
988 3075 1029 3146 ad
1045 3073 1147 3144 Ordi-

204 3239 290 3286 .num
307 3209 535 3286 foederatorum
551 3229 730 3278 cousessmn
737 3203 865 3292 utrique
877 3198 1054 3290 provinciae
1064 3195 1148 3288 parti

211 3347 349 3428 pateret3
365 3323 481 3398 civitati
491 3348 563 3397 veru
574 3322 731 3410 diguitatis
741 3320 829 3413 prior
840 3317 925 3411 locus
936 3315 1149 3402 assignaretur.

209 3449 311 3543 Quod
329 3449 460 3520 Senatus
482 3444 646 3514 decretum
665 3442 722 3508 etsi
743 3453 877 3532 propter
892 3435 974 3526 juris
996 3433 1149 3524 aequabis

208 3568 328 3642 litatem
354 3557 621 3638 accommodatum
649 3585 745 3653 quam
772 3557 905 3626 maxime
927 3551 967 3620 ad
988 3548 1149 3622 excitanda

212 3688 396 3762 concordiae
403 3684 507 3784 stadia
515 3701 609 3769 esset,
621 3683 757 3750 invisum
768 3695 871 3745 tamen
883 3672 991 3766 accolis
1003 3668 1150 3761 iuit‚qui

203 3829 301 3930 putea
320 3807 507 3903 peculiarem
529 3804 722 3897 provinciam
754 3798 849 3892 pleno
871 3799 947 3884 jure
971 3792 1146 3860 effecerant.

209 4157 214 4164 ι
250 4093 290 4162 (ι)
310 4091 496 4156 wimannus,
515 4091 535 4145 i.
555 4092 575 4150 l.
604 4089 742 4151 Emmiua,
762 4103 790 4152 p.
809 4083 867 4136 123.
886 4099 963 4150 seqq.
991 4075 1150 4147 neyd,t.t.

217 4199 245 4247 p.
265 4181 325 4234 nio.
360 4181 492 4248 Grotius,
513 4179 532 4233 l.
551 4179 569 4228 i.
588 4195 615 4245 p.
635 4193 696 4248 ¹9¹·
732 4174 904 4242 waganon,
923 4170 944 4220 l.
962 4168 982 4217 Ι.
999 4183 1027 4233 p.
1046 4167 1106 4237 ³9¹·

677 4269 681 4276 .
973 4266 1021 4331 7*
