3408 5664
996 899 1057 963 182

593 1070 657 1138 Sed
687 1072 840 1160 egregiam
868 1075 934 1164 ejus
964 1053 1081 1160 ingenii
1116 1072 1287 1140 bonitatem
1320 1073 1355 1140 in
1388 1096 1493 1143 amore

546 1215 617 1259 rete
653 1190 815 1275 fraterno,
839 1215 904 1282 quo
937 1191 1125 1264 mauritium,
1146 1189 1321 1282 patruelem
1343 1195 1494 1283 prosequi

545 1310 682 1396 solebat,
706 1305 941 1404 conspiciamus.
992 1313 1040 1378 De
1064 1337 1130 1403 quo
1152 1337 1192 1378 an
1216 1310 1282 1376 fide
1303 1303 1402 1399 digna*
1416 1312 1487 1380 his·

545 1433 715 1498 toricorum
761 1433 936 1498 testimonia
976 1431 1060 1515 sint,
1118 1447 1252 1524 propter
1306 1455 1493 1498 consensum

546 1567 735 1618 cunctorum
766 1551 923 1618 dubitatio
954 1550 1039 1618 nulla
1065 1568 1121 1618 est.
1167 1551 1335 1620 ESchola
1358 1551 1492 1620 Heidel-

546 1673 689 1757 bergensi
720 1672 880 1764 profectus
911 1687 1066 1761 uterquc,
1096 1674 1131 1739 in
1160 1672 1395 1740 Arausionensis
1421 1695 1490 1738 eas-

551 1809 599 1856 tra
641 1810 874 1884 pervenerant,
919 1793 1029 1883 ibique
1071 1808 1180 1858 mutua
1217 1792 1325 1880 juncti
1361 1792 1494 1858 amicitia

547 1910 712 2004 disciplina
734 1912 787 1998 tali
810 1929 900 1978 erant
918 1913 983 1994 usi,
1008 1911 1107 2004 qualis
1131 1910 1253 1978 futuros
1274 1910 1348 1977 belli
1374 1908 1494 1995 duces,

544 2055 716 2124 rerumque
741 2032 877 2098 civilium
902 2030 1111 2098 moderatores
1142 2031 1236 2098 unice
1273 2030 1408 2098 deceret.
1451 2031 1495 2100 In

551 2178 618 2244 quo
644 2151 794 2220 credibile
818 2171 882 2237 est,
904 2151 992 2218 haud
1015 2177 1130 2244 parum
1149 2153 1184 2217 in
1202 2148 1373 2218 excolendo
1393 2150 1490 2216 Mau-

549 2274 642 2357 ritio‚
656 2289 767 2362 utpote
791 2289 869 2340 natu
887 2275 1058 2360 majorem,
1071 2295 1183 2362 operae
1205 2270 1411 2338 Guilielmum
1426 2293 1490 2362 po-
1591 2293 1595 2303 ’

502 2413 503 2416 ’
548 2394 663 2477 suisse,
687 2407 770 2459 certe
806 2391 840 2458 id
873 2392 1036 2484 cupienti,
1070 2389 1157 2456 haud
1189 2389 1332 2457 defuisse.
1387 2391 1491 2456 Dein-

546 2507 587 2576 de
631 2533 705 2578 rero
739 2507 778 2574 ad
814 2509 1019 2602 Reipublicae
1057 2508 1269 2596 gubernacula
1309 2507 1493 2576 accedentes

546 2631 666 2712 ambo,
721 2652 782 2694 nee
828 2627 1011 2721 disciplinae
1054 2631 1136 2714 um,
1190 2652 1296 2720 neque
1341 2630 1491 2696 amicitiae

545 2745 647 2815 studia
673 2748 867 2815 amiserunt:
906 2772 972 2840 quo
993 2765 1117 2841 praeter
1145 2749 1335 2816 voluntatem
1359 2765 1500 2838 natura·¹

544 2866 607 2932 lem
627 2866 678 2932 illa
701 2891 830 2957 quoque
858 2870 966 2961 opinio
995 2869 1111 2952 valuit,
1146 2871 1181 2936 in
1211 2872 1349 2964 ancipite
1368 2873 1488 2962 patriae

541 2986 671 3052 fortuna
687 2987 811 3054 alterius
832 2987 947 3054 auxilio
968 2991 1158 3081 monitisque
1180 2989 1384 3083 supersedere
1401 2990 1483 3056 alte-

541 3133 614 3199 rum
639 3131 841 3197 nequaquam
874 3131 971 3199 posse.
1030 3108 1200 3195 Singularis
1224 3133 1298 3196 ergo
1320 3105 1488 3176 concordia

543 3231 578 3294 in
610 3229 698 3294 omni
719 3251 773 3311 re,
797 3252 895 3318 quam
917 3229 1077 3296 communi
1100 3230 1313 3320 suscipiebant
1340 3229 1488 3313 consilio,
1542 3291 1544 3298 .

489 3384 491 3389 ·
543 3366 627 3414 taum
647 3347 728 3428 fuit,
762 3366 798 3413 ut
821 3347 1006 3430 adversarii,
1041 3348 1150 3440 inepte
1175 3372 1243 3414 eam
1264 3347 1401 3414 libertati
1421 3349 1484 3414 ob-

540 3469 681 3537 futuram
701 3470 930 3553 existimantes,
963 3469 1051 3536 omni
1084 3491 1180 3560 opere
1202 3465 1241 3532 ad
1266 3465 1485 3533 dissidendum

442 3617 449 3631 ·
541 3591 671 3658 incitare
694 3612 744 3656 eos
772 3589 873 3656 moliti
896 3589 960 3654 sint
982 3585 1039 3656 (ι).
1084 3588 1123 3654 ln
1148 3586 1292 3679 plurimis
1323 3586 1399 3654 belli
1424 3609 1484 3652 ex·-

787 3771 844 3786 ’ἡ

577 3880 617 3945 (ι)
637 3878 729 3944 lleyd‚
752 3877 770 3924 l,
784 3875 948 3942 x1.p.23·t.
966 3877 1055 3926 Ptine
1064 3877 1193 3927 maurita
1212 3895 1247 3928 en
1268 3875 1364 3946 Graes
1370 3873 1483 3927 thlem

541 3949 619 4019 latren
649 3968 814 4034 Groningen
840 3965 998 4034 epeiachen·
1034 3967 1087 4016 Die
1106 3965 1244 4033 aclea-pren
1265 3965 1355 4016 werdt
1376 3963 1415 4031 by·
1439 3963 1484 4012 dia

540 4060 649 4108 Haerere
659 4055 746 4118 betjde
757 4054 992 4122 ondertep'clrent,
1014 4055 1109 4105 omdot
1127 4054 1175 4106 leet
1193 4054 1268 4123 leger
1288 4054 1372 4104 onder
1394 4053 1490 4122 Graes

545 4147 674 4200 thtena
699 4148 900 4211 Governement
921 4160 998 4208 was,
1018 4145 1085 4199 ende
1102 4144 1127 4195 ’t
1139 4143 1273 4212 glaebiedt
1290 4160 1344 4193 nae
1365 4140 1391 4192 ’t
1411 4142 1482 4192 ouda

538 4235 697 4304 glaebruq‘il
713 4236 751 4302 bff
767 4235 829 4286 leem
845 4235 938 4287 alleca
956 4235 1071 4298 arctant,
1092 4235 1158 4288 ende
1169 4233 1208 4301 1ιῇ
1219 4233 1356 4286 noctram
1367 4233 1418 4297 up'l
1430 4230 1480 4280 be-
