3408 5664
980 885 1041 950 tto

535 1055 624 1123 Vires
651 1075 754 1124 autem
783 1060 920 1149 eorporis
947 1075 978 1123 et
999 1060 1116 1144 ingenii
1144 1055 1265 1122 indies
1289 1059 1386 1143 magis
1414 1053 1476 1122 de-

533 1175 761 1259 bilitabantur3
808 1176 875 1268 ipse
906 1178 999 1244 etiam
1037 1178 1139 1242 abesse
1172 1200 1205 1242 se
1228 1201 1294 1243 non
1318 1175 1431 1268 procul
1459 1203 1476 1241 a

533 1295 611 1360 vitae
643 1293 709 1360 fine
737 1295 938 1382 intelligebat.
984 1298 1072 1362 Tum
1102 1296 1259 1362 arcessivit
1290 1296 1472 1387 provincia-

531 1438 605 1480 rum
640 1429 786 1507 proceres
817 1417 1024 1508 praecipuos,
1054 1416 1154 1506 iisque
1185 1433 1218 1481 et
1250 1413 1385 1482 adstanti
1408 1417 1472 1482 Er-

532 1550 622 1600 nesto
645 1536 795 1600 Casimiro
818 1534 907 1600 fratri
929 1534 1108 1600 balbutiens
1135 1533 1338 1627 Reipublicae
1365 1561 1474 1604 curam

531 1653 676 1743 apprime
708 1652 961 1737 commendavit,
1000 1657 1149 1747 porreeti
1181 1653 1308 1742 singilis
1339 1653 1472 1738 dextra,

531 1774 620 1862 quasi
650 1789 845 1865 postremmn
875 1772 1071 1858 valedicens,
1104 1792 1135 1840 et
1157 1777 1291 1862 jamjam
1311 1799 1471 1842 evasurus

530 1893 598 1959 Nec
625 1891 699 1959 vero
727 1891 784 1958 an
808 1869 851 1959 an
880 1895 956 1961 vivis
986 1893 1066 1962 futu
1110 1919 1186 1960 nam
1222 1917 1324 1986 quum
1356 1895 1472 1963 media

513 2009 632 2076 ‘omnia
661 2028 756 2101 atque
778 2029 914 2080 extrema
938 2030 1126 2099 tentassent,
1156 2039 1236 2106 quae
1262 2018 1287 2082 si
1318 2040 1384 2084 non
1417 2019 1469 2082 ui-

529 2147 615 2214 tam,
644 2146 676 2197 at
696 2131 833 2222 aliquam
854 2136 934 2201 vitae
954 2135 1101 2202 umbram
1121 2151 1293 2202 sustentare
1314 2129 1469 2221 valenn‘t,

531 2250 586 2317 sed
611 2251 753 2318 ¹remedia
776 2254 879 2319 morbi
914 2255 958 2322 vis
989 2269 1171 2345 superaret,
1199 2251 1269 2320 >die
1297 2257 1337 2323 31
1368 2257 1469 2343 Maji,

529 2373 751 2458 sexagesimum
775 2373 917 2464 primum
940 2374 1018 2440 vitae
1050 2397 1171 2439 annum
1199 2398 1309 2460 agens,
1334 2376 1470 2440 animam

527 2493 660 2577 efflavit,
683 2509 853 2586 postquam
862 2492 967 2586 paullo
988 2510 1060 2559 ante
1084 2493 1161 2561 haee
1183 2495 1278 2560 verba
1298 2494 1369 2560 exili
1393 2518 1469 2562 voce

526 2629 558 2678 et
594 2615 753 2706 suspirans
787 2616 968 2682 iteraverat:
1006 2612 1146 2681 Domine
1176 2613 1278 2698 Jeen,
1311 2618 1478 2682 miserere

526 2732 613 2799 mei!
635 2733 679 2793 (ι)

523 2981 569 3014 see
587 2962 725 3014 me'decins·
734 2962 885 3031 esperent,
905 2962 1093 3032 qn’ilponrra
1106 2964 1182 3012 vivre
1195 2997 1203 3021 ,
1225 2961 1383 3030 quoiqn'ile
1393 2963 1467 3012 don·

524 3061 585 3104 tent
599 3051 675 3122 qn’il
694 3069 830 3120 reprenne
841 3053 950 3113 jamnis
966 3053 1122 3122 sessorees.
1158 3050 1255 3102 Lettre
1274 3050 1311 3101 dn
1328 3057 1414 3104 meme
1426 3067 1462 3101 au

523 3149 621 3196 meme.
640 3136 674 3193 αδ
690 3139 764 3208 May.
785 3139 856 3190 lbid.
876 3158 903 3206 p.
922 3140 985 3194 318.

558 3229 592 3297 Il
601 3247 625 3298 y
643 3247 661 3280 a
681 3247 736 3299 pen
763 3227 943 3298 d'espe'rance
962 3247 1015 3298 que
1032 3229 1058 3279 Ie
1078 3232 1173 3281 Oomte
1191 3247 1320 3282 reconvre
1338 3230 1466 3281 entie're-

524 3327 600 3370 ment
613 3337 657 3370 ses
665 3319 762 3390 forces
777 3321 836 3369 soit
851 3319 888 3369 dn
907 3335 1008 3386 corps,
1028 3319 1085 3368 soit
1102 3319 1134 3368 cle
1152 3309 1283 3387 l’esprit,
1305 3315 1416 3368 donuae
1430 3321 1462 3370 de

490 3434 500 3449 a
522 3425 575 3459 son
596 3407 670 3476 (ige,
689 3417 718 3458 et
744 3410 790 3460 des
808 3416 906 3458 autres
933 3405 1139 3459 circonstanees
1155 3416 1234 3458 outre
1251 3425 1285 3458 ea
1298 3409 1462 3476 principale

524 3495 668 3560 maledie,
698 3498 747 3565 qui
777 3498 930 3565 rependant
959 3497 1089 3546 continue
1107 3493 1125 3546 ἀ
1142 3497 1296 3556 diminuer,
1328 3495 1391 3546 cire
1410 3513 1463 3566 que

520 3585 616 3638 disent
642 3601 687 3635 aes
713 3585 860 3636 medecina.
895 3582 991 3636 Lettre
1009 3583 1046 3634 du
1063 3589 1150 3635 mame
1169 3601 1202 3634 au
1220 3585 1317 3636 meme.
1347 3602 1362 3653 7
1387 3584 1462 3634 luin.

522 3673 628 3739 p.321.

558 3759 599 3827 (ι)
620 3761 659 3809 De
678 3762 770 3811 Oomte
792 3761 954 3812 Gnillanme
972 3769 1013 3811 est
1032 3769 1104 3812 mort
1121 3759 1148 3810 le
1167 3775 1198 3827 19
1211 3759 1282 3825 jour
1298 3761 1331 3810 de
1347 3779 1382 3812 sa
1398 3779 1462 3812 mn·

521 3848 618 3909 lodie,
639 3849 710 3897 dans
727 3848 752 3898 le
770 3857 840 3898 terras
857 3867 909 3918 qne
925 3867 1010 3910 cens,
1030 3851 1078 3918 qni
1099 3849 1206 3898 etaient
1217 3851 1378 3910 'antourde
1399 3849 1459 3912 lui,

520 3955 550 3988 se
575 3937 780 4006 promettaient
810 3937 836 3987 le
863 3937 932 4005 plns
952 3953 986 3986 aa
1007 3939 1151 4006 gnerison.
1200 3938 1239 3986 Sa
1263 3937 1347 3988 lettre
1369 3957 1420 4008 qne
1433 3939 1464 4006 je

519 4041 589 4076 vous
605 4025 724 4092 envoyai
740 4041 807 4075 avec
822 4041 869 4074 ma
884 4025 1002 4092 de'plehe
1016 4025 1199 4094 precedente,
1218 4034 1261 4076 est
1281 4024 1312 4075 la
1331 4023 1459 4076 derrtiire

521 4113 596 4185 qn’il
620 4131 639 4164 a
666 4113 773 4174 e‘crite5
803 4131 903 4181 comnis
927 4111 998 4164 e'est
1022 4131 1139 4179 ‚fermo
1177 4115 1394 4177 morientis,
1430 4124 1460 4166 et

521 4201 590 4256 d'nn
611 4203 717 4256 nonme
734 4205 815 4256 aussi
831 4221 899 4273 suge
918 4213 947 4257 et
964 4204 1043 4256 aussi
1058 4203 1265 4273 experimenti,
1285 4195 1338 4254 elle
1359 4205 1459 4255 rne'rite
