3432 5666
231 1085 442 1162 quaecnwuc
460 1073 669 1164 praeciperet,
685 1073 822 1140 militaris
841 1065 1013 1142 dummodo
1024 1065 1168 1166 praesidii

228 1205 372 1278 expertes
391 1207 505 1256 essem.
535 1188 681 1258 'faudem
699 1191 760 1259 boc
773 1217 901 1283 quoquc
913 1193 972 1258 sibi
983 1209 1172 1282 receperunt

228 1303 378 1374 Emdani.
401 1311 488 1374 Tum
500 1310 616 1376 Contiti
626 1303 765 1378 Eunoni
776 1337 834 1402 per
851 1336 920 1380 suos
938 1309 1114 1394 mandavit,
1135 1329 1170 1377 ut

226 1426 394 1493 Nobilium
405 1429 591 1521 Principum
608 1429 786 1522 exemplum
804 1432 991 1511 imitaretur,
1009 1429 1167 1497 moderate

229 1545 314 1612 cives
331 1549 536 1633 gubernaret,
559 1566 741 1640 caveretque
760 1575 801 1615 ne
818 1552 1035 1624 intestinarum
1044 1549 1169 1616 discor-

229 1661 356 1758 dinrunt
366 1667 704 1758 occauoncimpctium
714 1688 906 1760 occuparunt
930 1671 1068 1762 Hispani.
1103 1673 1171 1736 Dc-

234 1783 306 1848 cuit
330 1809 458 1877 quoquc
481 1789 569 1854 urbis
591 1788 723 1876 legatos,
763 1788 797 1856 id
818 1789 1047 1858 foederatorum
1070 1789 1173 1858 Ouli-

231 1905 329 1970 nibus
361 1907 559 1999 propositum
589 1931 669 1991 esse,
710 1925 745 1973 nt
778 1905 962 1976 seditionem
991 1907 1115 1976 civilem
1146 1911 1175 1974 vi

231 2025 370 2093 militum
391 2043 643 2118 compescerent,
666 2043 698 2092 ct
719 2025 939 2121 plauderent,
962 2053 1003 2094 ne
1036 2029 1070 2094 in
1106 2051 1176 2094 suos

232 2143 316 2211 fines
346 2143 576 2211 transserram.
641 2147 790 2214 Cetcrum
827 2167 865 2212 ex
899 2147 1009 2212 animo.
1039 2143 1178 2213 Ordines

233 2277 364 2352 optare,
384 2278 423 2328 ut
442 2263 580 2354 quietem
596 2279 629 2330 et
650 2263 824 2330 libertatum
851 2263 999 2330 illibatam
1022 2283 1177 2332 servantes

234 2377 390 2464 Emdani‚
425 2382 559 2448 amicitii
584 2383 675 2476 ipsis,
695 2384 832 2474 Imperio
844 2384 1037 2452 Germanico
1058 2381 1124 2450 fide
1145 2401 1177 2450 ct

233 2501 504 2594 obtemperandi,
527 2503 703 2570 reverentii
723 2504 854 2570 Eunoni
873 2503 1013 2594 Principi
1032 2525 1064 2568 rc
1083 2527 1174 2572 com.-

235 2620 434 2690 mandarent.
499 2625 656 2714 Oportcre
689 2637 816 2708 autem,
844 2623 878 2688 in
909 2635 1070 2714 posterum
1104 2649 1179 2692 cum

235 2740 386 2834 Principe
410 2765 469 2834 per
493 2743 687 2828 magistratus
710 2759 856 2830 agerent3
903 2767 970 2810 non
998 2745 1083 2810 enim
1110 2743 1176 2810 du·-

236 2860 329 2928 bium
350 2869 433 2945 esse,
467 2863 493 2928 si
516 2861 674 2949 illegitima
698 2861 836 2956 populus
859 2864 978 2930 ratione
1000 2861 1104 2929 studia
1125 2887 1178 2930 sua

240 2996 385 3068 urgeret,
408 2979 496 3072 qnod
520 2981 637 3049 factum
657 2984 763 3074 paucis
787 2982 905 3051 abhinc
928 2981 1039 3048 dicbus
1058 2980 1179 3064 suerat,

239 3101 508 3194 quinetpcssima
520 3125 665 3194 quaeque
685 3102 822 3186 subiret,
844 3119 878 3168 ct
897 3102 1091 3186 obsessorum
1114 3099 1179 3164 mi-

238 3217 332 3285 litum
355 3234 432 3284 esset
459 3219 583 3303 similis,
606 3221 681 3310 qni,
702 3220 935 3312 praefectorum
953 3221 1076 3307 injussu
1097 3243 1178 3286 cour·

238 3336 374 3408 ditiones
386 3337 569 3406 cumbusta
585 3341 731 3432 pacturi,
755 3340 836 3404 urbe
854 3335 1089 3424 egrednentur.'
1114 3339 1181 3405 Nec

243 3458 344 3527 caruit
372 3456 530 3526 Gniliclmi
548 3455 716 3550 prudentia
738 3455 871 3542 effectus
898 3480 1035 3548 namque
1057 3459 1182 3544 exejus

244 3577 410 3646 voluntate
425 3578 536 3647 coma
555 3579 663 3646 Enna
691 3577 793 3642 statim
811 3574 966 3643 ,dissidia
989 3576 1181 3668 componun,

249 3697 426 3786 coccusque
455 3696 588 3764 comitiis
618 3698 652 3762 in
680 3694 825 3784 ordinem
854 3721 903 3762 res
925 3695 1071 3784 radigen
1107 3719 1180 3762 ooc-

246 3817 306 3906 pit.
328 3815 378 3884 (Ι)

291 3941 376 4015 Haec
397 3936 476 4004 dum
498 3938 533 4004 iu
555 3939 697 4004 Ostln'sia
720 3938 907 4022 agebantur,
929 3936 1068 4030 marimis
1088 3936 1181 4000 animi

283 4204 324 4276 (ι)
345 4181 485 4268 numius}
505 4221 533 4271 p.
551 4202 611 4272 137.
645 4201 720 4271 noys
736 4237 746 4266 ,
765 4202 784 4277 ιζ
804 4201 1096 4272 xv1.p.s7s.saqq.
1119 4197 1180 4250 van
