3432 5666
1004 858 1046 924 60

553 1053 575 1097 ss
596 1031 712 1116 agimus
743 1041 804 1122 pro
836 1044 899 1094 tam
929 1029 1043 1115 insigni
1064 1026 1240 1096 'voluntatis
1270 1042 1339 1093 tuae
1370 1027 1493 1114 signifi-

554 1174 575 1216 »
597 1152 725 1217 cationes
791 1151 902 1240 Neque
940 1150 1045 1232 enim,
1078 1151 1104 1215 si
1132 1172 1277 1241 praesens
1301 1173 1349 1214 res
1378 1165 1497 1216 nostras

554 1294 576 1336 s>
597 1293 816 1357 cognosceres,
838 1269 970 1363 amplius
993 1287 1024 1336 te
1049 1294 1138 1362 posse
1162 1268 1255 1335 latere
1277 1253 1497 1362 sperabamus,

555 1415 577 1457 >s
599 1417 696 1483 quam
715 1415 809 1458 vanae
828 1406 928 1456 essent
949 1389 1195 1471 nonnullorum,
1219 1413 1272 1454 sua
1291 1390 1384 1454 unice
1405 1413 1496 1456 com·

556 1536 577 1576 a
599 1509 691 1577 moda
708 1511 940 1603 spectantium,
963 1510 1177 1574 accusationes.
1224 1505 1287 1574 sed
1311 1506 1385 1572 facti
1406 1507 1498 1572 simul

556 1657 577 1698 >s
599 1633 762 1714 euticies,
784 1629 849 1696 huc
869 1646 899 1694 te
918 1645 1090 1696 venturum
1107 1652 1186 1711 esse,
1206 1643 1243 1692 ut
1257 1624 1500 1692 extraordinario

555 1752 755 1816 »interesses
790 1750 977 1832 conventui,
1012 1775 1028 1813 a
1057 1748 1189 1814 scelestis
1222 1749 1286 1813 istis
1317 1747 1500 1814 hominihus

554 1894 576 1937 >>
596 1871 663 1936 sine
694 1868 793 1934 dubio
823 1866 964 1948 indicte,
995 1869 1186 1934 committere
1216 1890 1282 1932 non
1310 1889 1501 1958 possumus,

476 2017 477 2020 ¹
553 2015 576 2054 >r
598 1990 679 2079 quin
702 2003 733 2053 te
753 1985 893 2055 modeste
915 2011 1114 2070 moneamus,
1138 1985 1217 2051 nihil
1239 1987 1298 2052 sibi
1322 1987 1393 2052 istas
1413 1982 1498 2050 ¹aliud

554 2132 576 2173 >r
597 2130 796 2198 proponere,
818 2109 878 2172 nisi
901 2124 953 2191 ut,
982 2108 1070 2172 abusi
1096 2121 1147 2171 tua
1172 2103 1341 2191 dignitate,
1368 2107 1498 2198 proprii

555 2201 708 2317 »utpote
735 2228 917 2293 auctoritate
951 2225 1112 2308 destituti,
1149 2227 1328 2317 provinciae
1362 2227 1500 2316 quietem

555 2371 576 2412 »
597 2345 798 2437 perturbent.
842 2345 914 2412 Noli
935 2369 1008 2432 ergo
1027 2345 1152 2412 moleste
1171 2344 1270 2429 ferre,
1296 2370 1500 2436 quaesumus,

555 2490 576 2530 »
598 2466 623 2530 si
645 2463 771 2532 liberius
793 2462 936 2547 fortasse,
960 2489 1057 2554 quam
1078 2462 1187 2548 decet,
1210 2464 1382 2548 fateamur,
1404 2467 1497 2535 insti-

555 2612 577 2652 »
599 2587 646 2651 tui
675 2582 829 2674 ejusmodi
859 2600 1078 2668 conventum,
1111 2586 1169 2650 nisi
1196 2585 1303 2652 nostri
1327 2587 1443 2676 quibus
1465 2583 1500 2651 id

556 2731 578 2771 >s
599 2706 726 2798 publice
744 2704 816 2771 licet
834 2706 1033 2788 auctoritate,
1045 2729 1109 2771 non
1122 2729 1229 2796 posse,
1249 2727 1353 2794 neque
1369 2705 1501 2794 impune

557 2850 578 2890 >s
599 2849 656 2890 nos
679 2847 840 2916 passuros,
865 2840 901 2888 ut
927 2822 1045 2889 nefarii
1074 2822 1277 2914 quorundam
1309 2824 1405 2912 operit
1438 2815 1500 2890 eu-

557 2970 579 3011 »
599 2945 642 3010 ris
661 2941 872 3032 molestiisque
894 2941 1031 3009 Ordines
1050 2943 1276 3034 implicentur,
1310 2945 1426 3036 patriae
1446 2966 1502 3008 sa-

558 3089 579 3130 »
600 3063 648 3130 lus
671 3065 706 3128 in
734 3063 826 3154 pejus
854 3077 924 3126 mat
952 3087 988 3126 ae
1017 3063 1224 3128 subvertatur.
1269 3063 1337 3150 Qui
1369 3058 1502 3151 quidem

557 3211 579 3252 »
600 3182 719 3252 scelesti
739 3182 897 3265 homines,
922 3186 1009 3267 (nam
1032 3180 1102 3246 alias
1123 3179 1334 3248 interdicendi
1356 3205 1500 3248 conven-

558 3332 580 3374 »
602 3323 652 3372 tus
674 3327 790 3371 caussas
815 3301 932 3369 referre
954 3300 1113 3390 nolumus)
1138 3325 1197 3393 per
1221 3315 1342 3392 septem
1360 3300 1407 3368 vel
1429 3317 1501 3368 octo

559 3449 580 3491 >s
601 3447 699 3488 annos
729 3423 817 3488 omni
850 3423 968 3487 ratione
1000 3423 1048 3486 usi
1081 3437 1156 3486 sunt
1189 3419 1232 3502 ad
1264 3417 1500 3507 infringendam

560 3568 581 3608 u
601 3541 768 3628 legitimam
786 3542 965 3630 provinciae
985 3543 1157 3626 rationem3
1189 3542 1249 3633 ipsi
1276 3566 1383 3608 rerum
1408 3567 1498 3608 sum·

560 3687 581 3727 »
602 3665 708 3744 mam,
740 3659 885 3746 neglectis
913 3662 1050 3751 antiquis
1077 3663 1226 3749 jruihus,
1260 3659 1498 3730 consuetudini..

560 3805 581 3846 »
602 3781 662 3846 hus
681 3779 925 3870 privilegiisque,
946 3779 1131 3846 affectarunt
1151 3779 1267 3848 infelici
1282 3781 1446 3873 hucusque
1462 3807 1500 3850 ex
1527 3792 1529 3800 ’

560 3900 715 3967 »Divina
740 3897 899 3964 voluntate
924 3916 1047 3966 eventu.
1092 3900 1183 3987 Quin
1218 3902 1399 3990 patientiam
1423 3927 1498 3968 nos-

561 4045 582 4100 t>
603 4035 702 4101 uam,
726 4044 790 4109 qua
812 4020 846 4084 in
868 4021 996 4104 summis
1018 4043 1126 4086 eorum
1145 4020 1268 4106 injuriis
1288 4023 1502 4106 comissimus,

561 4135 779 4205 »deridentes
813 4162 850 4206 eo
885 4156 1102 4231 proruperunt
1145 4137 1308 4224 audaciae,
1348 4159 1385 4207 ut
1424 4159 1499 4208 ten-
