3454 5658
640 930 680 998 49

188 1125 287 1195 posse,¹
298 1105 421 1191 ajebat,
444 1105 470 1168 si
491 1119 664 1168 mutaretur
685 1099 891 1195 praesidinm,
914 1101 1002 1194 ‘quod
1018 1104 1131 1168 sensim'
1184 1193 1188 1202 ‚

189 1249 264 1288 eum
298 1226 420 1318 civibus,
447 1224 611 1289 arctiorem
646 1215 922 1305 consuetudinem,
965 1225 1133 1315 imovero

190 1342 449 1410 necessitudinem
474 1337 684 1409 contraxisset.
715 1344 781 1409 Hac
801 1344 961 1412 occasione
978 1344 1026 1406 usi
1044 1343 1134 1408 Frisii

189 1463 434 1553 impetrarunta
457 1464 696 1543 Gubernatore,
729 1478 765 1525 ut
797 1459 1029 1527 discedentibus
1051 1457 1132 1526 Hol-

189 1579 309 1664 landis,
335 1604 424 1645 esua
447 1597 543 1666 ¹gente
575 1577 766 1671 praesidium
800 1579 990 1668 succederet.
1034 1557 1134 1668 Quod
1183 1553 1187 1560 Ι

191 1717 227 1765 ut
255 1699 372 1784 facilius
401 1677 524 1781 fieret,
543 1697 733 1765 admonuere
755 1699 934 1766 cohortium
964 1697 1137 1791 praefectos

191 1822 300 1886 veteris
342 1817 543 1910 Reipublicae
581 1816 781 1909 disciplinae,
826 1845 888 1908 qua
923 1821 1138 1909 obtemperare

194 1939 425 2021 Gubernatori,
454 1954 491 2002 ut
510 1961 660 2027 supremo
681 1937 805 2002 miiitiae
827 1937 1005 2028 praefecto,
1036 1959 1135 2028 opor·

193 2033 288 2150 tabat.
340 2035 456 2123 'Frisiae
481 2080 610 2146 quoque
640 2054 779 2121 Ordines
812 2054 949 2122 duorum
983 2057 1139 2120 mensium

192 2155 347 2268 stipendia
364 2177 401 2239 iis
423 2177 648 2258 numerabant,
670 2183 829 2239 menstrua
848 2172 998 2266 deinceps
1020 2195 1136 2238 nume-

193 2295 300 2386 raturi.
345 2269 420 2359 Erat
438 2295 471 2357 in
495 2293 658 2386 praefectis
679 2293 757 2378 iilis,
778 2296 835 2385 qui
856 2292 1005 2360 educatus
1027 2317 1136 2382 quon-

193 2412 268 2499 dam
302 2415 336 2477 in
370 2414 511 2478 Nassavia
543 2411 658 2496 domo,
701 2411 787 2479 dicto
817 2427 941 2505 semper
972 2410 1139 2480 Guiiieimo

195 2530 323 2596 audiens
354 2548 453 2614 esset,
488 2531 687 2622 efficeretque
709 2548 745 2596 ut
766 2533 832 2596 sine
854 2548 942 2596 motu
964 2527 1136 2623 praesidio-

197 2675 269 2717 rum
290 2652 480 2743 permutatio
502 2633 711 2742 perageretur.
737 2651 778 2718 (¹)

241 2768 334 2834 Haud
356 2768 484 2835 deerant
500 2769 561 2836 hoc
586 2786 747 2861 tempore,
774 2768 829 2859 qui
849 2766 888 2834 ad
912 2793 1018 2836 rerum
1040 2793 1139 2835 nova-

196 2911 269 2954 rum
301 2869 442 2954 studium
473 2891 639 2956 Frisiacam
669 2889 795 2980 plebem
826 2891 1006 2955 excitarent.
1050 2891 1089 2954 In
1107 2890 1142 2954 iis

197 3005 333 3098 pollebat
357 3008 489 3072 maxime
518 3008 659 3074 Hesselus
688 3007 825 3099 Aysmu,
860 3007 946 3074 baud
980 3009 1144 3099 improbus

199 3124 312 3209 homo,
340 3123 395 3190 sed
429 3126 480 3192 cui
510 3151 625 3219 partun
655 3130 773 3213 ingenii
801 3145 835 3193 et
866 3151 973 3194 rerum
1006 3127 1143 3194 civilium

199 3246 309 3336 peritia
330 3244 414 3310 nulla
439 3261 514 3310 erut.
550 3247 713 3312 'Imbutus
737 3252 762 3312 is
786 3246 914 3339 pridem
934 3272 968 3313 ea
993 3249 1143 3339 opinione

200 3366 278 3449 fuit,
310 3365 448 3458 optabile
476 3355 651 3432 Foederntis
682 3391 766 3450 esse,
799 3383 835 3432 ut
860 3349 1014 3458 pristinus
1036 3392 1143 3434 rerum

200 3483 278 3560 ordo
299 3488 543 3569 instauraretur,
568 3511 675 3554 rerum
695 3511 814 3554 summa
839 3485 958 3552 rediret
985 3486 1024 3552 ad
1053 3490 1144 3573 Regis

200 3606 329 3693 alicujus
349 3607 534 3706 arbitrium,
559 3624 653 3698 atque
675 3609 708 3672 in
729 3609 824 3673 Frisia
846 3629 942 3700 penes
965 3631 1145 3700 supremam

202 3726 338 3809 curiam,
362 3725 412 3789 oui
430 3726 496 3814 ipse
518 3721 731 3816 praesidebat,
754 3726 918 3792 auotoritas
940 3725 1071 3788 maxima
1090 3747 1141 3788 es-

201 3821 262 3907 εει.Ι
303 3843 341 3908 ln
374 3859 477 3934 partes
508 3845 575 3930 ejus
598 3869 669 3909 curn
701 3843 793 3909 mrdti
827 3844 876 3909 alii
910 3842 1144 3938 procedebant,

203 3943 273 4028 tuni
293 3986 367 4030 vero
387 3966 541 4055 imprimis
562 3987 721 4038 sacrorum
737 3965 903 4047 antistites,
928 3965 1042 4054 quibus
1066 3988 1143 4029 auc-

242 4233 283 4300 (r)
305 4231 398 4300 Reyd,
420 4231 438 4285 l.
461 4229 495 4283 V.
514 4249 541 4298 p.
559 4233 604 4302 89.
652 4229 754 4293 Huost,
776 4229 794 4282 Ι.
815 4227 910 4280 XXV.
929 4221 955 4295 pi
975 4199 1034 4279 aab.
1053 4244 1129 4294 seqq.

971 4389 973 4396 ,
997 4332 1018 4394 4
