3454 5658
1011 891 1046 937 Π

553 1049 645 1110 triam
668 1045 834 1138 complecti
864 1044 1100 1112 contenderent.
1156 1048 1268 1138 ltaque
1300 1045 1413 1112 lubens
1440 1070 1502 1133 ego

552 1181 676 1258 tenipus
704 1168 808 1234 auimo
840 1164 968 1250 recolo,
1001 1190 1067 1256 quo
1087 1167 1246 1256 superiore
1270 1182 1381 1232 aestate
1403 1191 1497 1233 conr-

551 1286 775 1351 mentationem
796 1285 881 1351 illam
903 1303 990 1351 tuam
1009 1285 1194 1352 elaborabas.
1236 1288 1507 1362 Rustieabamurs,

551 1403 639 1496 quod
671 1406 730 1470 tibi
755 1406 832 1471 item
864 1404 1067 1474 vehementer
1098 1405 1222 1498 placetg
1261 1407 1365 1474 crebri
1391 1423 1496 1472 autem

549 1543 640 1590 erunt
659 1525 748 1592 nobis
774 1523 815 1590 de
847 1525 1015 1594 Veteribus
1046 1525 1129 1610 illis,
1170 1524 1211 1592 de
1242 1528 1418 1612 Cicerone,
1452 1525 1497 1594 de

550 1645 698 1728 Horati0,
734 1646 918 1736 praesertim
948 1643 989 1710 de
1016 1644 1144 1712 Platone
1176 1662 1283 1713 nostro
1314 1670 1497 1732 sermones,

550 1788 629 1852 (suos
659 1781 801 1852 vagantes
832 1789 889 1832 nos
914 1790 972 1857 per
995 1764 1093 1857 sylvas
1114 1783 1146 1831 et
1174 1765 1291 1848 eolles,
1331 1765 1492 1833 interdum

547 1886 581 1950 in
601 1887 698 1977 luatis
728 1885 891 1978 hortisque
922 1887 1130 1969 recubantes,
1161 1887 1282 1980 saepius
1305 1887 1495 1954 instauravi-

547 2030 627 2071 mus.
681 2008 746 2073 Hic
773 2024 809 2072 tu
838 2005 974 2072 subinde
1000 2008 1155 2094 majorum
1186 2023 1365 2073 nostrorum
1397 2031 1491 2072 men-

546 2128 665 2192 tionem
694 2129 845 2215 injieere,
868 2125 1015 2192 aalmirari
1037 2151 1147 2193 eorum
1171 2150 1246 2193 cum
1267 2143 1398 2192 caeteras
1422 2128 1492 2192 vir-

545 2260 645 2327 tutes,
669 2261 738 2310 tum
759 2248 792 2311 in
815 2246 917 2336 patriai
940 2243 1059 2310 tuendi
1081 2241 1302 2334 prudentiam,
1324 2244 1489 2312 fortitudi-

545 2386 641 2448 nem,
663 2365 940 2457 perseverantiam:
965 2387 1022 2450 ego
1038 2365 1096 2430 tibi
1118 2366 1488 2446 totoauimoassenti1i;

546 2501 582 2549 tu
607 2485 787 2551 memoriter
811 2453 890 2550 ddeo
915 2482 1083 2549 illustrium
1113 2485 1253 2551 virorum
1276 2486 1427 2552 orationes
1458 2503 1493 2552 et

542 2602 684 2696 epistolas
709 2605 864 2688 recitare,
896 2603 1003 2695 plenas
1032 2601 1133 2688 fidei,
1164 2603 1272 2697 plenas
1297 2604 1491 2690 honestatis,

543 2723 712 2806 sollertiae,
740 2721 877 2811 judieii:
912 2747 969 2809 ego
992 2725 1087 2810 magis
1118 2725 1212 2789 etiam
1236 2726 1376 2791 assentiri
1405 2726 1490 2811 tibi,

543 2860 575 2908 et
606 2845 672 2910 vioe
693 2844 762 2907 mela
785 2842 895 2908 similes
927 2844 1133 2933 antiquorum
1166 2845 1332 2910 sententias
1357 2846 1487 2912 recitare

542 2990 577 3029 ac
611 2960 807 3045 declamare,
846 2964 941 3030 tacito
974 2980 1079 3029 autem
1122 2987 1247 3031 meeum
1276 2966 1403 3031 beatum
1423 2963 1489 3030 'me

542 3098 664 3175 patrem
697 3079 897 3173 praedicare,
933 3083 990 3174 qui
1022 3083 1124 3156 lilium
1145 3083 1193 3150 his
1214 3086 1354 3151 sensibus
1377 3085 1487 3152 ardere

541 3200 689 3268 viderem.
735 3203 811 3292 Quo
833 3203 931 3289 magis
963 3219 993 3268 te
1026 3203 1117 3269 etiam
1139 3220 1233 3294 atque
1252 3205 1345 3270 etiam
1368 3205 1486 3273 eohor-

470 3309 474 3317 ¹
543 3324 654 3406 tahar,
678 3339 714 3388 ut
736 3303 915 3415 susceptam
936 3320 977 3388 de
994 3322 1164 3391 Guilielmo
1195 3323 1357 3391 Ludovico
1380 3326 1486 3416 scrip-

445 3503 448 3509 .
546 3442 663 3505 tionem
699 3465 930 3533 persequerere.
996 3444 1077 3508 Nam
1109 3443 1199 3511 hunc
1229 3444 1355 3527 virum,
1384 3461 1421 3510 ut
1449 3463 1486 3510 tu

543 3557 687 3625 laudibus
709 3561 742 3624 in
765 3558 887 3626 coelum
911 3559 1051 3646 ferebas,
1074 3561 1116 3626 ita
1145 3585 1201 3648 ego
1229 3587 1245 3626 a
1277 3578 1372 3628 temet
1396 3565 1486 3629 exci-

544 3695 642 3762 tatus,
678 3694 714 3744 ut
744 3705 805 3744 una
829 3695 935 3744 tecum
956 3681 1023 3767 ejus
1051 3703 1100 3745 res
1124 3679 1340 3772 explorarem,
1361 3678 1488 3746 indies

544 3800 662 3886 majore
685 3797 754 3864 loco
778 3798 894 3863 habere
929 3796 1109 3865 didiceram.
1156 3823 1177 3864 »
1200 3797 1266 3884 Age
1288 3797 1403 3885 igitur,
1426 3823 1480 3866 so-

546 3917 623 4002 des,
659 3919 813 4010 inquam,
848 3941 965 4010 perge,
999 3933 1035 3981 ut
1068 3917 1218 4008 coepisti,
1253 3916 1412 3983 Guilielmi
1440 3919 1488 3982 tui
1572 3907 1574 3915 ’

545 4041 641 4105 vitam
672 4055 703 4104 et
726 4063 775 4104 res
796 4054 893 4124 gestas
929 4060 1095 4102 enarrare:
1120 4035 1290 4100 dimidium
1314 4037 1411 4123 faeti
1426 4041 1489 4123 qua'

547 4163 624 4225 liene
646 4163 750 4247 consil
781 4159 885 4222 latet.
931 4158 998 4223 Nec
1028 4180 1100 4222 vero
1125 4171 1161 4219 tn
1182 4178 1281 4223 novus
1305 4155 1363 4220 bac
1393 4156 1484 4220 inre
