3454 5658
665 881 860 966 15,-

259 1038 342 1119 Talis'
372 1075 473 1144 quum
496 1052 621 1146 politica
643 1055 758 1147 patriae
780 1067 898 1120 nostrae
919 1049 975 1120 illi's
996 1052 1151 1145 tempori·
1258 1105 1260 1110 .

213 1173 271 1236 bus
295 1171 433 1239 conditio
454 1189 550 1256 esset,
573 1173 756 1241 Guilielmus
778 1171 955 1242 Ludovicus
977 1197 1050 1240 cum
1070 1169 1151 1239 Phi·

215 1290 305 1382 lippo
327 1291 506 1381 Hohenlojo
528 1294 744 1380 Groning'am,
776 1308 813 1358 ut
837 1295 903 1380 ejus
927 1294 1013 1358 urbis
1034 1289 1155 1358 obsidio

212 1409 329 1495 majore
359 1408 462 1476 studio
492 1411 702 1502 inciperetur,
736 1411 893 1503 profectus
924 1427 978 1478 est.
1033 1412 1153 1476 Urbem

211 1526 424 1594 verosimiliter
458 1527 497 1594 ad
530 1531 681 1616 angustias
718 1529 924 1618 redegissent,
948 1532 1007 1597 uisi
1028 1531 1155 1597 Entenii

211 1645 396 1731 consilium,
419 1647 498 1714 fame
522 1647 693 1736 cogendam
716 1651 870 1718 civitatem
890 1673 953 1716 esse
974 1649 1150 1742 perbiben-

212 1768 270 1849 tis,
306 1767 528 1835 intervenisset.
594 1771 676 1837 Nam
714 1768 890 1837 obsidentes
925 1772 1182 1864 quinquaginta·

211 1903 346 1978 quatuor
367 1886 513 1980 peditum
534 1889 708 1973 centurias,
741 1889 825 1956 mille
855 1887 1009 1957 ducentos
1032 1891 1152 1979 equites

211 1989 379 2072 habebant.
423 2009 550 2074 Frustra
582 2025 715 2074 tentatus
746 2011 785 2074 ab
817 2011 954 2076 Entenio
984 2009 1154 2075 temulento

211 2127 247 2190 in
269 2125 520 2218 Sentendipum,
555 2129 734 2213 Groniugae
756 2129 965 2211 suburbium,
992 2129 1150 2218 impetusg

212 2245 313 2335 capite
335 2243 384 2310 ille
416 2246 591 2310 temeritatis
624 2269 739 2336 poenas
772 2247 807 2310 in
842 2246 902 2312 hoc
937 2245 1055 2336 proelio
1087 2245 1153 2310 luit

213 2363 259 2434 At
280 2364 452 2429 Parmensis
473 2379 579 2455 captae
597 2365 777 2449 Groningae
793 2389 810 2428 a
828 2365 1045 2451 Rennebergio
1062 2389 1152 2430 uun-

214 2482 298 2546 cium
318 2481 494 2574 accipiens,
526 2480 628 2547 noluit
649 2479 785 2548 subsidio
806 2483 834 2548 ei
855 2484 1035 2574 Hispanicas
1056 2483 1152 2570 legio-

213 2621 268 2662 nes
299 2600 446 2682 mittere,
477 2600 582 2690 inepte
614 2598 744 2666 credens
776 2603 899 2687 majoris
927 2603 985 2668 sibi
1006 2605 1157 2670 momenti

207 2716 331 2783 ¹bellum
351 2717 512 2806 Belgicam
532 2741 603 2784 esse.
649 2716 795 2788 Tandem
815 2735 945 2805 urgente
966 2722 1152 2787 Renneber-

212 2840 263 2922 gio
281 2861 391 2904 manus
413 2835 531 2928 aliquot
552 2837 710 2922 militum,
736 2837 816 2904 duce
838 2841 975 2908 Martino
997 2840 1153 2923 Scenlrio,

214 2958 270 3047 qui
288 2955 444 3050 stipendia
464 2955 625 3048 quondam
647 2959 707 3024 sub
729 2959 846 3024 Batavis
867 2976 1040 3043 meruerat,
1062 2961 1165 3026 uris‘it„

209 3077 276 3142 ¹Cui
313 3077 581 3167 appropinquanti
615 3099 687 3143 cum
720 3076 899 3143 cohortibus
936 3077 1152 3165 Hohenlojus,

215 3217 278 3283 qua
301 3209 366 3260 erat
394 3193 590 3285 imprudenti
619 3196 654 3260 in
682 3195 775 3260 rebus
807 3195 948 3283 gerendis
981 3196 1153 3281 alacritate,

215 3311 336 3381 aditum
356 3311 396 3378 ad
419 3315 615 3400 Grouingam
636 3313 817 3406 praecidere
840 3313 970 3380 studuit.
1031 3316 1157 3400 Magnis·

215 3434 377 3499 itineribus
399 3432 559 3519 fatigatum
590 3435 761 3500 exercitum
791 3432 934 3501 adversus
967 3433 1153 3502 Scenlrianos

215 3561 356 3620 coenatos
386 3567 417 3617 et
441 3553 578 3638 integros
593 3555 642 3619 ‘in
672 3577 811 3645 pugnam
836 3550 875 3618 ad
898 3552 1154 3639 Hardenbergam

215 3668 343 3755 eduxit,
356 3673 538 3762 mistamque
550 3671 624 3738 belli
636 3673 795 3739 fortunam
805 3674 929 3740 sortitus
939 3689 993 3740 est.
1035 3675 1150 3763 Quan-

219 3807 289 3857 tum
310 3790 447 3857 offecerit
463 3790 677 3885 imprudentia
697 3795 763 3880 ejus
778 3793 870 3859 rebus
891 3794 1056 3878 Rataricis,
1079 3805 1152 3860 mox

217 3912 340 4002 patuit3
363 3935 436 3988 nam
454 3912 584 3981 victorii
603 3911 697 3978 elatus
715 3911 827 3996 hostis,
849 3910 1026 4004 expeditam
1044 3912 1153 3978 habuit

217 4030 258 4096 ad
282 4030 474 4100 liberandam
497 4035 692 4120 Groningam
715 4035 805 4100 viam.
829 4005 947 4103 'Italica
964 4033 1009 4098 ibi
1028 4031 1152 4125 ineas-
1235 4056 1240 4066 ‘

220 4154 272 4218 uis
295 4151 476 4220 Guilielmus
494 4171 526 4220 et
550 4154 681 4240 Souojus
702 4170 809 4238 eraut,
832 4153 905 4242 qui,
934 4145 1060 4242 accepti
1083 4149 1147 4216 cla-
