3408 5664
667 909 725 978 107

226 1079 408 1160 Guilielmus
450 1088 483 1150 in
505 1077 672 1150 'Brenthia
719 1089 883 1180 Meppeli,
943 1089 981 1153 ad
1034 1088 1159 1156 Frislanr

223 1219 255 1268 et
285 1200 481 1289 Groningam
514 1231 531 1269 a
559 1207 730 1298 repentinis
763 1208 938 1274 incmsibus
974 1208 1154 1276 defenden-

223 1319 287 1389 das.
352 1324 607 1390 Intercmsabant
650 1342 754 1391 autem
800 1329 930 1412 nuncii,
977 1345 1013 1394 ut
1057 1347 1159 1396 motus

223 1439 348 1506 hostiles
373 1440 513 1507 celeriter
543 1457 675 1534 uterque
702 1442 769 1512 dux
792 1443 943 1532 edoctus,
976 1445 1073 1514 divisa
1098 1473 1155 1516 co-

222 1576 307 1646 geret
319 1562 450 1646 agmina.
479 1563 608 1628 Interim
629 1563 742 1628 Frisiae
767 1580 798 1630 et
822 1566 1001 1652 Gruuin'gae
1023 1567 1155 1634 Guber-

221 1695 312 1746 nator
331 1679 395 1745 aliis
421 1704 550 1770 quoque
571 1682 652 1748 curis
676 1684 875 1750 obruebatur.
919 1687 1002 1751 Nam
1026 1711 1100 1752 curn
1123 1687 1158 1752 in

224 1799 383 1885 Ostfiisia,
402 1818 527 1868 mortuo
542 1803 665 1869 Comite
683 1801 843 1888 Edsardo,
865 1802 947 1869 lilius
967 1803 1158 1872 Ennohaud

223 1920 326 1985 mitius
349 1921 512 2006 ingenium
533 1917 730 2000 ostenderet,
752 1924 816 1989 imo
837 1947 911 1989 vero
932 1923 1072 2012 subditos
1083 1949 1156 2009 gra-

222 2040 311 2123 vius,
334 2063 430 2130 quam
452 2039 566 2106 fecerat
588 2055 692 2130 pater,
712 2038 918 2132 deprimeret,
940 2041 1057 2130 placuit
1075 2045 1157 2108 Em-

222 2157 330 2243 danis,
358 2161 481 2224 mittere
502 2137 701 2224 adOrdines
723 2156 913 2243 foederatos,
945 2161 1002 2249 qui
1019 2161 1080 2226 sibi
1101 2163 1158 2225 t1in

221 2277 316 2345 millia
328 2277 465 2344 militum
475 2277 583 2343 auxilia
595 2275 851 2368 deprecarentur.
888 2278 1009 2345 Auctor
1022 2278 1156 2346 Guilel-

221 2423 290 2465 mus
315 2395 491 2465 Ordinibus
515 2397 594 2481 suit,
616 2413 652 2463 ut
675 2413 841 2484 negarent:
867 2399 923 2489 qui
944 2398 1005 2490 ipsi
1025 2422 1158 2489 quoque

168 2607 172 2616 ι
221 2521 261 2584 ob
275 2517 439 2610 copiarum
447 2517 637 2609 paucitatem
647 2515 810 2603 indulgere
821 2517 1017 2610 supplicibus
1028 2517 1158 2585 nullose

220 2661 309 2728 posse
332 2633 426 2703 modo
442 2634 637 2724 judicabant.
678 2635 803 2702 Oblatis
825 2653 928 2702 autem
948 2639 1158 2729 pecuniarum

219 2755 385 2841 subsidiis,
408 2756 524 2848 quibus
555 2753 782 2822 conduceretur
803 2753 906 2839 miles,
938 2753 993 2820 sed
1015 2757 1155 2843 rejectis,

219 2875 307 2968 quod
343 2877 445 2942 minus
474 2891 639 2966 promtum
662 2870 747 2942 malis
778 2872 951 2940 remedium
977 2873 1155 2957 videretur,

217 2995 343 3062 tandem
361 3020 400 3061 ex
417 2993 583 3061 Ordimun
595 2993 751 3061 voluntate
758 3017 868 3061 mense
880 2991 985 3083 Aprili
996 3009 1156 3060 sexcentos

217 3116 327 3182 milites
345 3139 362 3180 e
380 3113 537 3182 Guilielmi
555 3111 673 3179 ditione
684 3129 890 3203 acceperuut,
912 3114 989 3177 etin
1002 3113 1155 3178 suburbio

156 3239 162 3246 ’
218 3235 418 3302 collocarunt.
462 3236 550 3298 Tum
574 3230 707 3299 seditiosi
734 3233 768 3296 in
795 3231 894 3303 m=be.
919 3230 1003 3298 velut
1025 3233 1050 3294 si
1071 3255 1152 3322 puo-

218 3351 367 3438 derentur
386 3369 419 3418 et
439 3348 609 3444 diripiendi
631 3349 847 3434 traderentm·,
869 3352 996 3416 turbare
1015 3351 1153 3441 quietem

217 3489 249 3538 et
273 3457 419 3567 crepare:
465 3467 598 3537 invideri
625 3493 695 3535 suae
722 3496 738 3535 a
769 3470 887 3536 Batavis
917 3467 1155 3560 tranquillitati,

215 3592 326 3659 infeste
336 3592 397 3665 sibi.
410 3593 449 3656 ab
467 3589 579 3656 iisdem
589 3588 684 3655 adimi
693 3605 920 3670 mercaturam,
939 3586 1099 3678 siquidem
1111 3590 1151 3654 ab

217 3711 382 3802 Hispaniae
399 3711 460 3777 oris
476 3709 731 3801 prohiberentur.
767 3711 805 3774 In
817 3732 943 3776 summo
950 3733 1024 3796 ergo
1033 3707 1149 3776 discri-

217 3831 301 3896 mine
326 3854 427 3920 quum
451 3830 556 3896 civitas
580 3828 721 3903 Emdana
742 3829 930 3914 versaretur,
952 3846 1153 3922 opportunae·

217 3948 594 4016 affembantur-Guilielmi
612 3949 749 4034 litterae,
772 3952 888 4040 quibus
899 3950 1002 4043 palam
1013 3950 1150 4018 recitatis-

150 4101 152 4105 ·
216 4067 443 4135 deferbuerunt
462 4066 628 4161 paullisper
656 4073 761 4137 animi.
816 4073 883 4161 Qui
906 4072 1012 4138 mirari
1035 4095 1067 4135 se
1091 4067 1143 4134 di-

216 4191 321 4274 cebat,
341 4188 453 4258 milites
472 4215 560 4274 suos,
581 4189 621 4260 ad
632 4189 815 4260 'arcendum
834 4193 1008 4280 Hispanum
1019 4191 1146 4271 unisset,
