3456 5676
1024 935 1088 998 tlt

585 1112 683 1177 silero
705 1115 794 1174 inter
815 1131 912 1173 armo
935 1105 1050 1174 llutos
1077 1103 1271 1174 contendere·
1289 1110 1353 1172 ansi
1376 1111 1460 1191 sint,
1484 1126 1528 1174 est

586 1217 672 1308 quod
695 1218 896 1285 vehementer
917 1215 1112 1303 gaudeamus.
1158 1214 1283 1282 Solebat
1306 1219 1390 1282 enim
1412 1241 1529 1298 omne,

586 1337 673 1426 quod
684 1354 846 1428 supererat
863 1363 880 1402 a
894 1337 1013 1404 bellicis
1025 1336 1229 1427 civilibusque
1240 1336 1370 1421 negotiis
1384 1353 1527 1429 tempus,

536 1487 539 1492 ·
582 1457 798 1524 adlectionem
811 1457 968 1524 librorum
986 1481 1060 1523 cum
1079 1472 1335 1539 sacrorum,tum
1358 1455 1526 1523 historico-

581 1603 655 1644 rum
677 1603 712 1644 ac
734 1577 935 1670 polit'norum
960 1576 1123 1659 conferre,
1148 1593 1183 1641 ut
1204 1593 1326 1642 acueret
1344 1579 1526 1664 ingenium,

581 1684 766 1765 nremoriam
790 1696 1014 1790 locupletaret,
1044 1697 1184 1762 animum
1215 1694 1386 1763 excitandis
1410 1698 1530 1780 sancti,

578 1818 676 1906 justi,
699 1818 888 1908 venustique
904 1817 1046 1882 sensibus
1068 1815 1230 1882 excoleret
1275 1815 1423 1882 Eruditos
1443 1818 1526 1883 Pro·-

583 1937 726 2002 rinciales
755 1929 904 2024 diligebat
931 1953 963 2001 et
988 1917 1216 2020 venerabatur,
1249 1961 1421 2028 eorumque
1454 1955 1527 2003 stu-

579 2053 634 2119 dia
673 2055 775 2121 favore
817 2081 852 2122 ac
888 2057 1098 2122 benivolentia
1139 2056 1382 2149 prosequendo,
1427 2058 1529 2149 palam

579 2175 815 2265 ¹profitebatur,
852 2175 924 2242 tales
946 2178 1006 2242 sibi
1028 2177 1108 2242 viros
1138 2175 1290 2242 illustrare
1311 2194 1342 2243 et
1367 2176 1526 2246 condeco-

582 2319 651 2360 rare
675 2297 808 2387 patriam
831 2294 940 2362 viden'.
995 2297 1162 2364 Verissime
1183 2297 1376 2364 literatorum
1397 2301 1526 2364 Maece-

584 2439 638 2480 nas
660 2414 836 2499 dicendus,
860 2417 949 2503 cujus
973 2415 1093 2482 factum
1112 2418 1151 2481 sit
1162 2418 1324 2508 auspiciis,
1347 2435 1403 2501 ut,
1427 2419 1451 2482 si
1470 2441 1527 2484 su·

584 2538 690 2628 perior
708 2553 786 2602 aetas
808 2536 924 2628 nglios
937 2553 967 2601 ct
980 2538 1144 2643 Hopperos
1166 2536 1303 2620 tulisset,
1328 2538 1385 2626 qui
1406 2551 1526 2628 poten·

585 2657 701 2721 tissimo
720 2657 797 2741 Regi
819 2657 986 2748 Hispaniae
1014 2656 1177 2722 consiliarii
1202 2655 1332 2721 fuissent
1343 2693 1356 2738 3.
1376 2653 1460 2720 baud.
1470 2655 1525 2718 in-

583 2776 707 2840 l'eriores
729 2777 856 2860 ingenio
878 2777 1047 2867 minusque
1071 2774 1253 2842 eruditiores
1277 2775 1336 2842 hac
1355 2791 1452 2840 aetate
1473 2776 1524 2840 vi-

582 2895 611 2958 ri
632 2893 791 2960 florerent.
836 2895 933 2959 Liber
954 2893 994 2958 ad
1019 2898 1085 2983 ejus
1106 2895 1207 2960 aulam
1231 2896 1396 2978 omnibus,
1422 2909 1522 2986 quot-

582 3031 662 3103 quot
685 3013 777 3100 vulgo
797 3013 1003 3096 excellerent,
1039 3015 1195 3106 pauloque
1227 3015 1394 3082 humanius
1422 3033 1525 3081 essent

582 3133 718 3216 exculti,
764 3132 865 3198 aditus
888 3136 1031 3225 patebat,
1079 3151 1114 3200 ut
1136 3161 1259 3203 summo
1279 3137 1351 3224 jure
1373 3151 1525 3226 tanquam

579 3254 651 3319 belli
676 3255 825 3346 pacisque
850 3256 1050 3321 seminarium
1080 3257 1120 3321 sit
1154 3256 1323 3323 nobilitata.
1393 3253 1520 3321 Nobiles

580 3374 711 3466 quidem
737 3400 776 3439 ex
807 3377 874 3462 ejus
905 3375 1034 3440 familia
1051 3391 1137 3441 tantu
1166 3377 1348 3441 eminebant
1376 3372 1523 3466 pmden-

580 3495 619 3558 tia
642 3493 741 3576 civili,
765 3511 800 3559 ut
827 3493 913 3586 apud
938 3511 1055 3561 exteras
1086 3509 1194 3582 gentes
1216 3519 1264 3561 res
1289 3497 1416 3562 maximi
1449 3511 1523 3561 mo-

579 3615 676 3678 menti
707 3611 971 3680 administrarent.
1017 3617 1117 3702 Cujus
1152 3616 1197 3680 rei
1229 3615 1320 3681 nobis
1344 3613 1523 3704 exemplum

577 3733 708 3824 praehet
732 3732 843 3818 legatio
874 3735 959 3799 Petri
983 3761 998 3799 a
1021 3737 1240 3822 Regemortes,
1264 3733 1304 3800 ad
1330 3758 1522 3828 permoven-

578 3851 652 3918 dam
679 3845 911 3938 Elisabetham,
948 3873 983 3920 ut
1004 3855 1100 3920 ferret
1130 3853 1288 3938 subsidia,
1322 3877 1406 3920 anno
1438 3855 1521 3923 1594

576 3991 728 4064 suscepta.
795 3974 937 4040 Primum
969 3975 1084 4040 frustra
1115 3976 1265 4061 Reginam
1299 3971 1454 4040 adducere
1484 3974 1519 4038 in

578 4095 762 4160 sententium
784 4119 869 4159 suam
891 4093 1035 4181 studuit,
1071 4096 1185 4160 iterum
1209 4117 1289 4161 vero·
1304 4092 1344 4159 ad
1366 4118 1435 4160 eam
1458 4093 1520 4159 ad·-

579 4215 706 4286 missus,
744 4231 826 4279 tanta
852 4213 1060 4311 persuadendi
1080 4218 1109 4282 vi
1135 4240 1206 4286 usus
1228 4213 1367 4296 dicitur,
1400 4231 1435 4279 ut
1456 4213 1523 4286 sete
