3454 5658
724 863 743 925 3
803 821 806 828 ,

265 1029 361 1113 vitas,
379 1030 436 1122 ,5⁶⁸
463 1029 621 1116 ’[οιιιίιιιιι,
657 1031 772 1122 quibus
807 1029 963 1102 utendum
992 1033 1071 1102 mihi
1100 1037 1198 1118 esser,

127 1139 142 1192 ἶ
247 1150 448 1252 'praestantia
480 1152 653 1236 invitabat3
688 1165 783 1244 atque
802 1155 902 1241 major
922 1155 1015 1222 etiam
1035 1153 1200 1222 accedebat

260 1265 412 1334 scribenti
444 1264 579 1351 fiducia,
612 1293 718 1360 quum,
744 1271 947 1361 reputabam,
979 1297 1044 1340 uon
1073 1271 1108 1340 id
1140 1274 1199 1340 sibi

261 1384 492 1454 Nobilissimum
539 1385 693 1454 Ordinem
739 1391 936 1482 propositum
967 1390 1130 1477 habuisse,
1163 1407 1199 1458 ut

262 1501 409 1572 elaborati
440 1505 519 1598 quid
548 1509 757 1608 omnibusque
791 1511 927 1576 numeris
956 1508 1087 1578 absoluti
1117 1535 1196 1604 pro·

258 1639 417 1709 meretur,
447 1622 502 1692 sed
536 1624 709 1714 diligentiae
740 1643 772 1692 et
795 1615 978 1696 desiduitatia
998 1627 1198 1697 exhiberetur

258 1743 427 1830 specimen.

304 1863 483 1931 instituenti
510 1879 614 1933 autem
642 1867 700 1932 iter
724 1882 879 1958 perpetuo
899 1864 979 1932 mihi
999 1863 1110 1934 auxilio
1136 1863 1207 1964 suit.
1318 1908 1321 1915 ·

256 1979 401 2067 libellus,
435 1983 476 2050 ab
507 1985 642 2050 Ubbone
675 1984 800 2052 Emmio
834 1986 1046 2074 conscriptus,
1081 1983 1139 2072 qui
1162 1997 1198 2048 ut

258 2102 432 2168 orationem
464 2103 498 2168 in
530 2101 688 2171 Guilielmi
707 2103 830 2170 obitum
853 2104 1013 2186 continet,
1036 2102 1078 2168 ita
1101 2102 1197 2168 vitam

258 2222 350 2306 ejus,
383 2222 478 2286 anirni
513 2222 692 2312 ingeniique
731 2219 818 2289 dotes
848 2223 986 2312 exponit.
1050 2219 1195 2304 Auctor,

260 2338 318 2428 qui
350 2337 551 2406 familiaritate
584 2341 738 2432 Principis
772 2363 830 2433 per
865 2340 974 2426 viginti
1006 2361 1060 2406 sex
1098 2359 1196 2406 annot

258 2479 332 2522 usus
365 2473 429 2541 est,
464 2457 597 2551 plurima
627 2459 751 2544 rendit,
788 2482 867 2550 quae
897 2457 1022 2526 aliunde
1054 2459 1196 2546 cognosci

259 2597 324 2642 non
355 2591 513 2668 poterant.
566 2577 689 2666 Egregii
720 2602 848 2670 quoque
876 2578 949 2644 ushs
980 2577 1067 2645 fuere
1088 2578 1192 2646 Eber-

257 2692 350 2760 hordi
385 2694 517 2764 Reidani
549 2696 716 2764 Bellorum
752 2697 962 2788 Belgicorum
1002 2697 1192 2779 Historiae,

258 2814 310 2880 cui
343 2812 434 2900 longa
470 2839 542 2882 cum
575 2815 742 2884 Gtulielmo
774 2813 966 2884 consuetudo
1002 2837 1050 2882 res
1084 2813 1194 2880 mulus

257 2931 468 3000 memorabiles
497 2932 717 3027 suppeditavit.
784 2936 924 3022 Hugonis
953 2950 1058 3002 autem
1091 2933 1194 3002 Gro'tii

257 3051 409 3118 Annales
431 3061 464 3117 ct
485 3051 652 3118 Historias
671 3053 789 3119 assidue
811 3052 964 3120 adhibui:
989 3052 1064 3118 huic
1084 3053 1191 3134 cuim,

257 3186 379 3262 praeter
412 3185 512 3237 cetera
548 3171 703 3262 praeclara
727 3173 855 3253 merita,
887 3194 951 3236 non
973 3168 1114 3235 ultimam
1134 3193 1189 3236 ac·

256 3287 366 3356 cadere
401 3288 643 3356 conscribendae
664 3288 807 3355 historiae
830 3287 974 3370 landem,
1009 3309 1191 3379 persuasum

255 3411 334 3478 mihi
359 3410 532 3493 habebam,
556 3407 766 3496 Siegenbeekii
787 3407 1035 3500 imprimis,Vi1·i
1047 3405 1096 3474 Cl.
1109 3431 1187 3475 auc-

256 3530 385 3597 toritate.
432 3529 583 3595 Historiae
607 3551 700 3622 opera
723 3528 894 3610 Metereni,
919 3526 1036 3608 Borrii,
1050 3525 1189 3610 Horruit,

254 3648 447 3735 Wagenarii,
470 3645 647 3728 Baudartii‚
670 3647 898 3737 Winsemiique
912 3643 1095 3713 Chronicon
1106 3645 1185 3713 Fri-

253 3770 345 3851 sios,
380 3765 536 3849 consului,
569 3790 671 3857 neque
696 3763 870 3854 elegendis
894 3763 1039 3850 Stradae,
1074 3767 1185 3834 Benti-

255 3884 362 3972 roglii,
397 3885 547 3970 Dinothi,
582 3885 774 3977 aliorumque
807 3886 929 3976 script‘u
963 3882 1184 3953 abstinendum

253 4027 317 4070 esse
350 4006 459 4073 statui:
494 4029 686 4097 quamquam
706 4027 818 4096 parum
840 4005 920 4072 mihi
943 4028 980 4071 cx
999 4003 1058 4071 illis
1078 4003 1182 4101 profi-

253 4147 322 4191 cere
345 4123 440 4192 licuit.
486 4125 566 4202 Usus
587 4127 770 4196 etiamnum
794 4123 913 4210 libello,
945 4147 1098 4196 sermones
1119 4147 1180 4218 po·

1020 4245 1034 4310 l
1058 4245 1074 4278 ἡ
