3454 5658
994 885 1013 948 8

536 1058 639 1145 gensi,
663 1059 719 1147 qui
737 1060 889 1148 Principis
912 1056 1145 1123 Arausionensis
1168 1055 1283 1137 frater,
1313 1056 1370 1119 etsi
1393 1051 1470 1145 plu·

536 1179 647 1243 rimam
667 1192 796 1244 aetatem
815 1179 850 1242 in
871 1178 1037 1244 Germania
1055 1177 1257 1260 transegerit,
1287 1191 1410 1255 tamen,
1437 1187 1474 1236 ut

534 1296 627 1362 rebus
646 1297 757 1360 nostris
779 1295 897 1362 afflictis
915 1296 1114 1377 subveniret,
1150 1292 1270 1360 Gelriae
1292 1291 1471 1386 praesectu-
1539 1359 1541 1364 ,

533 1437 602 1477 ram
631 1415 727 1497 obiit,
759 1431 790 1480 et
811 1417 856 1480 sic
878 1438 1007 1482 munere
1029 1438 1066 1480 eo
1086 1413 1215 1479 functus
1237 1429 1303 1494 est,
1327 1428 1363 1476 ut
1381 1413 1472 1478 bonis

535 1533 679 1596 omnibus
708 1534 794 1596 triste
814 1534 861 1597 sui
885 1533 1026 1606 abeuntis
1058 1531 1246 1597 desiderium
1270 1530 1473 1622 relinqueret.

479 1633 482 1644 ⁹
535 1650 639 1715 Mater
665 1650 790 1718 Isabella
842 1651 1117 1736 Luchtenborgia,
1150 1636 1235 1715 haud
1257 1649 1386 1736 ignobili
1405 1649 1475 1716 loco

536 1783 628 1850 nata,
660 1770 774 1835 virtute
806 1785 871 1834 erat
906 1771 1054 1855 insignis,
1088 1786 1119 1834 et
1145 1770 1286 1836 materni
1306 1770 1382 1834 curi
1405 1793 1470 1833 nu·-

535 1909 686 1952 merosam
714 1887 836 1979 prolem
867 1891 1137 1979 prosequebatur3
1175 1913 1249 1953 nam
1277 1912 1329 1954 sex
1350 1887 1420 1952 liliis
1442 1904 1474 1953 ct

537 2022 671 2096 quotuor
690 2005 811 2072 filiabus
833 2025 959 2092 gentem
970 2010 1162 2076 Nassavicam
1183 2010 1321 2091 ornavit,
1344 2031 1381 2073 ex
1398 2009 1473 2100 qui-

538 2127 597 2190 bus
634 2125 819 2192 Guilielmus
865 2142 942 2190 natu
982 2129 1134 2220 maximus
1173 2143 1245 2193 erat
1310 2127 1474 2192 Habebant

537 2261 703 2335 parentes,
728 2242 822 2337 quod
836 2246 894 2309 sibi
916 2245 956 2312 de
980 2245 1050 2317 filio,
1067 2213 1317 2332 gratularentur:x
1332 2244 1472 2337 praecla-

538 2388 607 2428 ram
629 2365 714 2430 enirn
735 2365 771 2429 iis
794 2387 884 2456 spem
905 2381 1032 2429 naturae
1054 2367 1174 2430 bonitas
1193 2363 1342 2446 faciebat,
1373 2387 1478 2453 neque

538 2485 689 2567 obscure,
711 2507 802 2575 quac
832 2485 1082 2567 succrescebant,
1105 2484 1199 2548 animi
1219 2483 1399 2571 ingeniique
1423 2484 1473 2547 vi-

538 2627 606 2684 ros,
641 2601 741 2692 qualis
778 2619 856 2669 esset
886 2603 1028 2685 futurus,
1069 2599 1244 2687 significare
1276 2598 1475 2666 videbantur.

540 2724 630 2812 Quae
659 2708 809 2813 pueritiae
837 2721 929 2808 vulgo
950 2722 1171 2787 oblectamenta
1194 2717 1370 2816 hobentur,
1393 2717 1474 2800 alea,

539 2840 624 2936 pilo,
659 2840 731 2926 tali,
762 2840 882 2933 placere
914 2843 942 2904 ei
978 2826 1230 2929 nonpoterontz
1266 2837 1475 2903 delectabatur

472 2979 475 2988 ¹
541 2979 694 3048 equorum
727 2961 889 3043 cursibus,
923 2959 980 3026 hos
1015 2956 1244 3040 conscendere,
1289 2958 1337 3025 his
1368 2973 1475 3026 vectus

542 3081 685 3146 oberrare
708 3079 859 3163 lubebat,
895 3077 934 3144 ad
956 3068 1212 3146 haec'armomm
1236 3078 1420 3144 vibrationes
1442 3094 1475 3141 et
1536 3109 1540 3116 v

542 3200 684 3264 exercitia
718 3198 805 3276 cordi
835 3196 946 3282 erant,
978 3213 1014 3264 ut
1037 3199 1148 3263 Martis
1168 3221 1240 3263 eum
1254 3195 1362 3262 filium
1379 3221 1472 3286 prac-

543 3315 670 3384 dicarcs.
715 3321 840 3384 Mature
873 3333 996 3401 tamen,
1028 3341 1069 3382 ne
1102 3319 1193 3381 nimis
1214 3317 1262 3381 his
1284 3315 1393 3382 studiis
1413 3315 1485 3383 adae

542 3434 752 3519 haeresceret,
784 3454 911 3503 cautum
942 3465 959 3502 a
995 3438 1177 3528 parentibus
1199 3436 1278 3520 fuit3
1305 3438 1398 3526 quia
1423 3454 1473 3501 te·-

542 3556 625 3619 neris
658 3553 733 3620 inde
764 3557 799 3620 iis
835 3558 952 3620 artibus
985 3547 1146 3619 informari
1179 3579 1251 3620 eum
1292 3570 1324 3617 et
1358 3552 1476 3618 erudiri

545 3691 714 3757 curarunt,
746 3668 861 3764 quibus
894 3673 969 3744 solet
1001 3672 1051 3738 illa
1072 3690 1149 3737 aetas
1171 3673 1345 3763 impertiri3
1370 3694 1475 3763 neque

522 3793 657 3882 'parum
681 3785 845 3857 domestica
869 3790 1007 3882 exempla
1031 3791 1213 3875 valuerunt,
1235 3806 1270 3856 ut
1294 3806 1381 3855 tener
1402 3793 1473 3855 ani·-

544 3935 613 3974 mus
637 3909 758 3975 virtutis
778 3911 941 4001 principiis
964 3912 1163 3976 imbueretur.
1210 3909 1262 3976 Sic
1283 3908 1417 3992 fectum,
1440 3929 1476 3975 ut

547 4019 693 4113 magistris
723 4027 894 4111 docilitate,
917 4028 1094 4095 obedientia
1117 4029 1317 4120 parentibus,
1339 4031 1472 4094 commi-

545 4137 692 4244 litonibus
708 4145 772 4216 fide
791 4173 825 4216 ac
840 4149 998 4234 facilitate,
1022 4143 1123 4217 amore
1142 4147 1310 4233 fratribus,
1332 4149 1477 4216 omnibus
