3408 5664
659 967 713 1032 iit)

210 1138 413 1208 >ssessionem
436 1143 550 1206 iterum
585 1140 688 1206 hostes
722 1137 871 1207 invadunt
900 1159 932 1208 et
963 1153 1147 1232 oeenpont3

210 1277 231 1320 >s
253 1281 327 1326 nem
359 1257 488 1325 defendi
520 1281 619 1348 neque
655 1257 812 1343 tirmiter,
854 1276 950 1351 atque
986 1256 1147 1328 iiollnntiin

209 1393 284 1444 »et
317 1376 465 1446 Zeluntlin
493 1393 634 1469 possunt.
692 1379 763 1446 Sive
791 1377 903 1448 obsidii
930 1379 1049 1445 labores
1084 1374 1148 1442 ad·'

209 1485 422 1582 ononimus,
468 1495 603 1588 petendu
655 1498 817 1586 Gronings
868 1495 1013 1580 videtur,
1059 1493 1147 1590 qufl

208 1639 230 1683 u
253 1639 408 1708 nusquam
436 1617 542 1709 copiae
574 1613 765 1684 commodius
795 1617 927 1684 recreari
954 1629 1147 1708 commeatu,

208 1759 230 1803 s>
252 1736 402 1805 cuniculis
424 1733 592 1821 abscondi,
621 1736 968 1828 perruptisaggeribus
989 1759 1006 1802 e
1029 1757 1147 1826 repen-

208 1880 229 1920 »
252 1857 318 1923 tino
349 1855 491 1948 periculo
522 1854 650 1922 evadere
681 1856 852 1923 incolumes
884 1871 1037 1948 possunt:
1085 1855 1149 1920 imo

206 1997 228 2038 s>
252 1997 323 2042 veno
343 1974 522 2042 consectum
554 1973 723 2058 dimidium
754 1999 833 2068 opus
865 1973 1010 2057 dicatur,
1045 1974 1147 2064 siqni-

207 2115 229 2162 »
251 2091 325 2159 dem
346 2094 446 2162 vicine
463 2095 536 2160 tubi
555 2093 676 2164 eustolia
695 2110 726 2160 et
746 2095 941 2160 munimento
957 2095 991 2158 in
1013 2109 1148 2164 nostram

206 2235 228 2278 >s
251 2227 433 2304 potestatem
450 2213 662 2304 pervenerint.
686 2215 796 2304 Neque
817 2213 935 2299 ingrata
955 2213 1074 2280 civibus
1086 2210 1146 2276 nd-

206 2355 229 2398 >s
250 2331 364 2402 ventris
395 2333 491 2400 nostri
514 2332 594 2403 tinne
622 2329 763 2422 renidet,
787 2356 865 2422 qnos
890 2333 1023 2419 graviter
1049 2355 1144 2424 prae·

207 2477 229 2520 »
251 2454 344 2520 sentis
368 2475 440 2519 sime
471 2451 659 2520 conditionis
686 2467 862 2544 pertaesum
887 2467 955 2536 est,
986 2467 1020 2516 nt
1041 2453 1145 2517 mrbus

206 2595 228 2638 s>
251 2573 430 2654 concitent,
464 2569 609 2636 diffidunt
644 2569 852 2657 Verdugoni‚
882 2569 1026 2639 adversus
1059 2569 1148 2636 illum

206 2713 228 2757 s>
251 2691 344 2776 magis
366 2715 462 2782 quam
483 2688 626 2758 adversus
646 2714 701 2758 nos
721 2713 751 2756 se
774 2707 939 2775 tueantur,
974 2706 1146 2756 metuentes

203 2833 229 2876 >s
251 2832 291 2875 ne
310 2809 400 2889 olnmae
412 2809 483 2876 urbi
504 2807 691 2902 praesidinm
722 2811 879 2878 immittat.
926 2812 989 2878 Seu
1018 2807 1146 2910 tondent

205 2954 228 2996 »
249 2928 461 3021 periculorum
481 2930 561 2995 ratio
588 2927 742 3014 habetur,
788 2929 1014 3016 Groningensis
1044 2955 1148 3024 expe-

206 3073 228 3116 »
251 3047 329 3117 ditio
346 3050 488 3116 omnium
510 3049 658 3114 tutissima
679 3065 745 3135 est,
769 3050 918 3140 quonism
937 3051 1072 3117 maximo
1089 3052 1143 3116 in-

206 3193 227 3237 »
252 3168 376 3236 tervallo
397 3171 537 3256 sejuncta
560 3170 599 3234 ab
619 3168 708 3235 hoste
729 3170 813 3255 regio
836 3169 904 3252 ills,
925 3170 1093 3236 minimum
1104 3173 1144 3238 nis

203 3313 226 3353 >s
250 3286 421 3377 1·lispnnicis
441 3285 556 3354 surriliis
578 3286 709 3376 periculi
727 3289 866 3378 pruebet.
890 3289 943 3356 Ob
956 3291 1143 3374 gravissimas

203 3429 226 3474 »
251 3406 305 3472 has
334 3407 466 3474 rntiones
490 3407 570 3471 absit
601 3431 617 3471 n
646 3405 731 3474 vobis
762 3405 862 3472 omnis
891 3407 1070 3492 cunetatio,
1093 3434 1143 3476 me

202 3549 226 3594 >s
249 3525 379 3618 quidem
402 3549 465 3592 non
488 3524 607 3592 consilii
629 3540 753 3590 tuntum
770 3541 948 3610 suetorum,
971 3525 1024 3592 sed
1047 3530 1141 3594 beni-

202 3670 226 3712 »
248 3645 353 3712 volum
374 3643 548 3732 adjutorem
570 3646 603 3709 in
629 3669 662 3711 re
681 3643 842 3712 efficienda
864 3646 1026 3713 habebitis.
1050 3649 1141 3716 Con-

202 3789 226 3833 »
248 3763 317 3832 snio
334 3781 457 3849 autem,
470 3765 608 3857 propitio
621 3767 686 3833 Deo
706 3789 775 3832 rem
796 3789 946 3860 prospere
968 3791 1141 3852 cessurum,

202 3909 228 3952 >7
247 3909 308 3952 nec
338 3884 521 3951 lmbitmrnn
545 3907 594 3950 me
626 3882 713 3974 qnod
745 3883 887 3976 pudent,
922 3883 1014 3978 plora
1039 3911 1142 3954 eornm

204 4032 224 4070 r>
249 4006 332 4072 vobis
357 4005 458 4072 verbis
475 4006 603 4092 juotnsse
628 4006 1028 4096 qnmn1¹ep1·nestitisse.''
1055 4007 1095 4074 (r)

201 4175 487 4194 m

245 4257 285 4326 (1)
308 4255 398 4324 Repo,
423 4259 437 4304 Ι4
460 4255 542 4310 Vlii.
570 4277 595 4324 1¹.
618 4260 680 4320 160,
712 4260 768 4312 ιῦι,
804 4257 856 4312 Uis
895 4258 1037 4322 Huberns,
1065 4261 1141 4310 Hr'rt·
